@article {dehn14,
    AUTHOR = {Dehn, Max W.},
    DOI = {10.1007/BF01563732},
    FJOURNAL = {Mathematische Annalen},
    ISSN = {0025-5831},
    JOURNAL = {Math. Ann.},
    MRCLASS = {DML},
    MRNUMBER = {1511799},
    NUMBER = {3},
    PAGES = {402--413},
    TITLE = {Die beiden {K}leeblattschlingen},
    URL = {https://doi.org/10.1007/BF01563732},
    VOLUME = {75},
    YEAR = {1914},
}

@book {haseman18,
    AUTHOR = {Haseman, Mary G.},
    MRCLASS = {Thesis},
    MRNUMBER = {2936036},
    NOTE = {Thesis (Ph.D.)--Bryn Mawr College},
    PAGES = {21},
    PUBLISHER = {ProQuest LLC, Ann Arbor, MI},
    TITLE = {On knots, with a census of the amphicheirals with twelve crossings},
    URL = {http://gateway.proquest.com/openurl?url_ver=Z39.88-2004&rft_val_fmt=info:ofi/fmt:kev:mtx:dissertation&res_dat=xri:pqdiss&rft_dat=xri:pqdiss:0114323},
    YEAR = {1918},
}

@article {alexander23,
    AUTHOR = {Alexander, James W.},
    FJOURNAL = {Proceedings of the National Academy of Sciences of the United States of America},
    JOURNAL = {Proc. Natl. Acad. Sci. USA},
    PAGES = {93--95},
    TITLE = {A Lemma on Systems of Knotted Curves},
    URL = {https://doi.org/10.1073/pnas.9.3.93},
    YEAR = {1923},
}

@article {schreier24,
    AUTHOR = {Schreier, Otto},
    DOI = {10.1007/BF02954621},
    FJOURNAL = {Abhandlungen aus dem Mathematischen Seminar der Universit\"{a}t Hamburg},
    ISSN = {0025-5858},
    JOURNAL = {Abh. Math. Sem. Univ. Hamburg},
    MRCLASS = {DML},
    MRNUMBER = {3069424},
    NUMBER = {1},
    PAGES = {167--169},
    TITLE = {\"{U}ber die gruppen {$A^aB^b=1$}},
    URL = {https://doi.org/10.1007/BF02954621},
    VOLUME = {3},
    YEAR = {1924},
}

@article {artin25,
    AUTHOR = {Artin, Emil},
    DOI = {10.1007/BF02950718},
    FJOURNAL = {Abhandlungen aus dem Mathematischen Seminar der Universit\"{a}t Hamburg},
    ISSN = {0025-5858},
    JOURNAL = {Abh. Math. Sem. Univ. Hamburg},
    MRCLASS = {DML},
    MRNUMBER = {3069440},
    NUMBER = {1},
    PAGES = {47--72},
    TITLE = {Theorie der {Z}\"{o}pfe},
    URL = {https://doi.org/10.1007/BF02950718},
    VOLUME = {4},
    YEAR = {1925},
}

@article {briggs27,
    AUTHOR = {Alexander, James W. and Briggs, Garland B.},
    DOI = {10.2307/1968399},
    FJOURNAL = {Annals of Mathematics. Second Series},
    ISSN = {0003-486X},
    JOURNAL = {Ann. of Math. (2)},
    MRCLASS = {DML},
    MRNUMBER = {1502807},
    NUMBER = {1-4},
    PAGES = {562--586},
    TITLE = {On types of knotted curves},
    URL = {https://doi.org/10.2307/1968399},
    VOLUME = {28},
    YEAR = {1927},
}

@article {reidemeister27,
    AUTHOR = {Reidemeister, Kurt},
    DOI = {10.1007/BF02952507},
    FJOURNAL = {Abhandlungen aus dem Mathematischen Seminar der Universit\"{a}t Hamburg},
    ISSN = {0025-5858},
    JOURNAL = {Abh. Math. Sem. Univ. Hamburg},
    MRCLASS = {DML},
    MRNUMBER = {3069462},
    NUMBER = {1},
    PAGES = {24--32},
    TITLE = {Elementare {B}egr\"{u}ndung der {K}notentheorie},
    URL = {https://doi.org/10.1007/BF02952507},
    VOLUME = {5},
    YEAR = {1927},
}

@article {alexander28,
    AUTHOR = {Alexander, James W.},
    FJOURNAL = {Transactions of the American Mathematical Society},
    ISSN = {0002-9947},
    JOURNAL = {Trans. Amer. Math. Soc.},
    MRCLASS = {57M25},
    MRNUMBER = {1501429},
    NUMBER = {2},
    PAGES = {275--306},
    TITLE = {Topological invariants of knots and links},
    URL = {https://doi.org/10.2307/1989123},
    VOLUME = {30},
    YEAR = {1928},
}

@article {bankwitz30,
    AUTHOR = {Bankwitz, Carl},
    DOI = {10.1007/BF01455692},
    FJOURNAL = {Mathematische Annalen},
    ISSN = {0025-5831},
    JOURNAL = {Math. Ann.},
    MRCLASS = {DML},
    MRNUMBER = {1512619},
    NUMBER = {1},
    PAGES = {145--161},
    TITLE = {\"{U}ber die {T}orsionszahlen der alternierenden {K}noten},
    URL = {https://doi.org/10.1007/BF01455692},
    VOLUME = {103},
    YEAR = {1930},
}

@article {goeritz33,
    AUTHOR = {Goeritz, Lebrecht},
    DOI = {10.1007/BF01188642},
    FJOURNAL = {Mathematische Zeitschrift},
    ISSN = {0025-5874},
    JOURNAL = {Math. Z.},
    MRCLASS = {DML},
    MRNUMBER = {1545364},
    NUMBER = {1},
    PAGES = {647--654},
    TITLE = {Knoten und quadratische {F}ormen},
    URL = {https://doi.org/10.1007/BF01188642},
    VOLUME = {36},
    YEAR = {1933},
}

@article {magnus34,
    AUTHOR = {Magnus, Wilhelm},
    DOI = {10.1007/BF01449158},
    FJOURNAL = {Mathematische Annalen},
    ISSN = {0025-5831},
    JOURNAL = {Math. Ann.},
    MRCLASS = {DML},
    MRNUMBER = {1512913},
    NUMBER = {1},
    PAGES = {617--646},
    TITLE = {\"{U}ber {A}utomorphismen von {F}undamentalgruppen berandeter {F}l\"{a}chen},
    URL = {https://doi.org/10.1007/BF01449158},
    VOLUME = {109},
    YEAR = {1934},
}

@article {burau33,
    AUTHOR = {Burau, Werner},
    DOI = {10.1007/BF02940722},
    FJOURNAL = {Abhandlungen aus dem Mathematischen Seminar der Universit\"{a}t Hamburg},
    ISSN = {0025-5858},
    JOURNAL = {Abh. Math. Sem. Univ. Hamburg},
    MRCLASS = {DML},
    MRNUMBER = {3069652},
    NUMBER = {1},
    PAGES = {179--186},
    TITLE = {\"{U}ber {Z}opfgruppen und gleichsinnig verdrillte {V}erkettungen},
    URL = {https://doi.org/10.1007/BF02940722},
    VOLUME = {11},
    YEAR = {1935},
}

@article {markov36,
    AUTHOR = {Markov, Andrei A.},
    FJOURNAL = {{Recueil Math\'ematique}},
    JOURNAL = {{Rec. Math. Moscou}},
    PAGES = {73--78},
    TITLE = {\"{U}ber die freie \"{A}quivalenz der geschlossenen Z\"{o}pfe},
    VOLUME = {1},
    YEAR = {1935},
}

@article {seifert35,
    AUTHOR = {Seifert, Herbert K. J.},
    DOI = {10.1007/BF01448044},
    FJOURNAL = {Mathematische Annalen},
    ISSN = {0025-5831},
    JOURNAL = {Math. Ann.},
    MRCLASS = {DML},
    MRNUMBER = {1512955},
    NUMBER = {1},
    PAGES = {571--592},
    TITLE = {\"{U}ber das {G}eschlecht von {K}noten},
    URL = {https://doi.org/10.1007/BF01448044},
    VOLUME = {110},
    YEAR = {1935},
}

@article {wendt37,
    AUTHOR = {Wendt, Hilmar},
    DOI = {10.1007/BF01160103},
    FJOURNAL = {Mathematische Zeitschrift},
    ISSN = {0025-5874},
    JOURNAL = {Math. Z.},
    MRCLASS = {DML},
    MRNUMBER = {1545700},
    NUMBER = {1},
    PAGES = {680--696},
    TITLE = {Die gordische {A}ufl\"{o}sung von {K}noten},
    URL = {https://doi.org/10.1007/BF01160103},
    VOLUME = {42},
    YEAR = {1937},
}

@article {whitehead37,
    AUTHOR = {Whitehead, John H. C.},
    DOI = {10.1112/jlms/s1-12.45.63},
    ISSN = {0024-6107},
    JOURNAL = {Journal of the London Mathematical Society},
    NUMBER = {1},
    PAGES = {63-71},
    TITLE = {On Doubled Knots},
    URL = {https://doi.org/10.1112/jlms/s1-12.45.63},
    VOLUME = {s1-12},
    YEAR = {1937},
}

@article {weinberg39,
    AUTHOR = {Weinberg, Noah},
    FJOURNAL = {{Comptes Rendus (Doklady) de l'Acad\'emie des Sciences de l'URSS, Nouvelle S\'erie}},
    ISSN = {1819-0723},
    JOURNAL = {{C. R. (Dokl.) Acad. Sci. URSS, n. Ser.}},
    LANGUAGE = {French},
    PAGES = {215--216},
    TITLE = {{Sur l'\'equivalence libre des tresses ferm\'ees.}},
    VOLUME = {23},
    YEAR = {1939},
    ZBL = {0021.35704},
}

@article {bohnenblust47,
    AUTHOR = {Bohnenblust, Frederic},
    DOI = {10.2307/1969219},
    FJOURNAL = {Annals of Mathematics. Second Series},
    ISSN = {0003-486X},
    JOURNAL = {Ann. of Math. (2)},
    MRCLASS = {20.0X},
    MRNUMBER = {19088},
    MRREVIEWER = {S. Eilenberg},
    PAGES = {127--136},
    TITLE = {The algebraical braid group},
    URL = {https://doi.org/10.2307/1969219},
    VOLUME = {48},
    YEAR = {1947},
}

@article {chow48,
    AUTHOR = {Chow, Wei-Liang},
    DOI = {10.2307/1969050},
    FJOURNAL = {Annals of Mathematics. Second Series},
    ISSN = {0003-486X},
    JOURNAL = {Ann. of Math. (2)},
    MRCLASS = {09.1X},
    MRNUMBER = {26050},
    MRREVIEWER = {S. Eilenberg},
    PAGES = {654--658},
    TITLE = {On the algebraical braid group},
    URL = {https://doi.org/10.2307/1969050},
    VOLUME = {49},
    YEAR = {1948},
}

@article {schubert49,
    AUTHOR = {Schubert, Horst},
    JOURNAL = {S.-B. Heidelberger Akad. Wiss. Math.-Nat. Kl.},
    MRCLASS = {56.0X},
    MRNUMBER = {0031733},
    MRREVIEWER = {R. H. Fox},
    NUMBER = {3},
    PAGES = {57--104},
    TITLE = {Die eindeutige {Z}erlegbarkeit eines {K}notens in {P}rimknoten},
    VOLUME = {1949},
    YEAR = {1949},
}

@article {fox50,
    AUTHOR = {Fox, Ralph H.},
    DOI = {10.2307/1969468},
    FJOURNAL = {Annals of Mathematics. Second Series},
    ISSN = {0003-486X},
    JOURNAL = {Ann. of Math. (2)},
    MRCLASS = {56.0X},
    MRNUMBER = {37510},
    MRREVIEWER = {J. Nielsen},
    PAGES = {258--260},
    TITLE = {On the total curvature of some tame knots},
    URL = {https://doi.org/10.2307/1969468},
    VOLUME = {52},
    YEAR = {1950},
}

@article {seifert50,
    AUTHOR = {Seifert, Herbert K. J.},
    DOI = {10.1093/qmath/1.1.23},
    FJOURNAL = {The Quarterly Journal of Mathematics. Oxford. Second Series},
    ISSN = {0033-5606},
    JOURNAL = {Quart. J. Math., Oxford Ser. (2)},
    MRCLASS = {56.0X},
    MRNUMBER = {0035436},
    MRREVIEWER = {R. H. Fox},
    PAGES = {23--32},
    TITLE = {On the homology invariants of knots},
    URL = {https://doi.org/10.1093/qmath/1.1.23},
    VOLUME = {1},
    YEAR = {1950},
}

@article {fox52,
    AUTHOR = {Fox, Ralph H.},
    JOURNAL = {Nederl. Akad. Wetensch. Proc. Ser. A. {\bf 55} = Indagationes Math.},
    MRCLASS = {56.0X},
    MRNUMBER = {0048024},
    MRREVIEWER = {B. Eckmann},
    PAGES = {37--40},
    TITLE = {On the complementary domains of a certain pair of inequivalent knots},
    VOLUME = {14},
    YEAR = {1952},
}

@article {fox53,
    AUTHOR = {Fox, Ralph H.},
    DOI = {10.2307/1969736},
    FJOURNAL = {Annals of Mathematics. Second Series},
    ISSN = {0003-486X},
    JOURNAL = {Ann. of Math. (2)},
    MRCLASS = {20.0X},
    MRNUMBER = {53938},
    MRREVIEWER = {R. Bott},
    PAGES = {547--560},
    TITLE = {Free differential calculus. {I}. {D}erivation in the free group ring},
    URL = {https://doi.org/10.2307/1969736},
    VOLUME = {57},
    YEAR = {1953},
}

@article {kneser53,
    AUTHOR = {Kneser, Martin and Puppe, Dieter},
    DOI = {10.1007/BF01174153},
    FJOURNAL = {Mathematische Zeitschrift},
    ISSN = {0025-5874},
    JOURNAL = {Math. Z.},
    MRCLASS = {20.0X},
    MRNUMBER = {56607},
    MRREVIEWER = {R. H. Fox},
    PAGES = {376--384},
    TITLE = {Quadratische {F}ormen und {V}erschlingungsinvarianten von {K}noten},
    URL = {https://doi.org/10.1007/BF01174153},
    VOLUME = {58},
    YEAR = {1953},
}

@article {schubert53,
    AUTHOR = {Schubert, Horst},
    FJOURNAL = {Acta Mathematica},
    ISSN = {0001-5962},
    JOURNAL = {Acta Math.},
    MRCLASS = {55.0X},
    MRNUMBER = {0072482},
    MRREVIEWER = {R. H. Fox},
    PAGES = {131--286},
    TITLE = {Knoten und {V}ollringe},
    URL = {https://doi.org/10.1007/BF02392437},
    VOLUME = {90},
    YEAR = {1953},
}

@article {torres53,
    AUTHOR = {Torres, Guillermo},
    DOI = {10.2307/1969726},
    FJOURNAL = {Annals of Mathematics. Second Series},
    ISSN = {0003-486X},
    JOURNAL = {Ann. of Math. (2)},
    MRCLASS = {56.0X},
    MRNUMBER = {52104},
    MRREVIEWER = {R. H. Fox},
    PAGES = {57--89},
    TITLE = {On the {A}lexander polynomial},
    URL = {https://doi.org/10.2307/1969726},
    VOLUME = {57},
    YEAR = {1953},
}

@article {fox54,
    AUTHOR = {Fox, Ralph H.},
    DOI = {10.2307/1969686},
    FJOURNAL = {Annals of Mathematics. Second Series},
    ISSN = {0003-486X},
    JOURNAL = {Ann. of Math. (2)},
    MRCLASS = {20.0X},
    MRNUMBER = {62125},
    MRREVIEWER = {R. Bott},
    PAGES = {196--210},
    TITLE = {Free differential calculus. {II}. {T}he isomorphism problem of groups},
    URL = {https://doi.org/10.2307/1969686},
    VOLUME = {59},
    YEAR = {1954},
}

@article {kyle54,
    AUTHOR = {Kyle, Roger H.},
    DOI = {10.2307/1969717},
    FJOURNAL = {Annals of Mathematics. Second Series},
    ISSN = {0003-486X},
    JOURNAL = {Ann. of Math. (2)},
    MRCLASS = {56.0X},
    MRNUMBER = {62438},
    MRREVIEWER = {R. Bott},
    PAGES = {539--548},
    TITLE = {Branched covering spaces and the quadratic forms of links},
    URL = {https://doi.org/10.2307/1969717},
    VOLUME = {59},
    YEAR = {1954},
}

@article {schubert54,
    AUTHOR = {Schubert, Horst},
    DOI = {10.1007/BF01181346},
    FJOURNAL = {Math. Z.},
    ISSN = {0025-5874},
    JOURNAL = {Mathematische Zeitschrift},
    MRCLASS = {55.0X},
    MRNUMBER = {0072483},
    MRREVIEWER = {R. H. Fox},
    PAGES = {245--288},
    TITLE = {\"Uber eine numerische {K}noteninvariante},
    URL = {http://dx.doi.org/10.1007/BF01181346},
    VOLUME = {61},
    YEAR = {1954},
}

@article {fox56,
    AUTHOR = {Fox, Ralph H.},
    DOI = {10.2307/1969592},
    FJOURNAL = {Annals of Mathematics. Second Series},
    ISSN = {0003-486X},
    JOURNAL = {Ann. of Math. (2)},
    MRCLASS = {20.00 (55.00)},
    MRNUMBER = {95876},
    MRREVIEWER = {R. C. Lyndon},
    PAGES = {407--419},
    TITLE = {Free differential calculus. {III}. {S}ubgroups},
    URL = {https://doi.org/10.2307/1969592},
    VOLUME = {64},
    YEAR = {1956},
}

@article {gilbert56,
    AUTHOR = {Gilbert, Edgar N.},
    FJOURNAL = {Scripta Mathematica},
    ISSN = {0036-9713},
    JOURNAL = {Scripta Math.},
    MRCLASS = {05.0X},
    MRNUMBER = {90568},
    MRREVIEWER = {John Riordan},
    PAGES = {228--233 (1957)},
    TITLE = {Knots and classes of m\'{e}nage permutations},
    VOLUME = {22},
    YEAR = {1956},
}

@article {schubert56,
    AUTHOR = {Schubert, Horst},
    DOI = {10.1007/BF01473875},
    FJOURNAL = {Math. Z.},
    ISSN = {0025-5874},
    JOURNAL = {Mathematische Zeitschrift},
    MRCLASS = {55.0X},
    MRNUMBER = {0082104},
    MRREVIEWER = {R. H. Fox},
    PAGES = {133--170},
    TITLE = {Knoten mit zwei {B}r\"ucken},
    URL = {http://dx.doi.org/10.1007/BF01473875},
    VOLUME = {65},
    YEAR = {1956},
}

@article {kinoshita57,
    AUTHOR = {Kinoshita, Shin'ichi and Terasaka, Hidetaka},
    JOURNAL = {Osaka Math. J.},
    MRCLASS = {55.00},
    MRNUMBER = {0098386},
    MRREVIEWER = {R. H. Fox},
    PAGES = {131--153},
    TITLE = {On unions of knots},
    VOLUME = {9},
    YEAR = {1957},
}

@article {fox58,
    AUTHOR = {Chen, Kuo T. and Fox, Ralph H. and Lyndon, Roger C.},
    DOI = {10.2307/1970044},
    FJOURNAL = {Annals of Mathematics. Second Series},
    ISSN = {0003-486X},
    JOURNAL = {Ann. of Math. (2)},
    MRCLASS = {20.00},
    MRNUMBER = {102539},
    MRREVIEWER = {R. H. Bruck},
    PAGES = {81--95},
    TITLE = {Free differential calculus. {IV}. {T}he quotient groups of the lower central series},
    URL = {https://doi.org/10.2307/1970044},
    VOLUME = {68},
    YEAR = {1958},
}

@article {hashizume58,
    AUTHOR = {Hashizume, Yoko},
    FJOURNAL = {Osaka Mathematical Journal},
    ISSN = {0388-0699},
    JOURNAL = {Osaka Math. J.},
    MRCLASS = {55.00},
    MRNUMBER = {102821},
    MRREVIEWER = {R. H. Fox},
    PAGES = {283--300},
    TITLE = {On the uniqueness of the decomposition of a link},
    VOLUME = {10},
    YEAR = {1958},
}

@article {hosokawa58,
    AUTHOR = {Hosokawa, Fujitsugu},
    FJOURNAL = {Osaka Mathematical Journal},
    ISSN = {0388-0699},
    JOURNAL = {Osaka Math. J.},
    MRCLASS = {55.00},
    MRNUMBER = {102820},
    MRREVIEWER = {R. H. Fox},
    PAGES = {273--282},
    TITLE = {On {$\nabla $}-polynomials of links},
    VOLUME = {10},
    YEAR = {1958},
}

@article {murasugi58,
    AUTHOR = {Murasugi, Kunio},
    DOI = {10.2969/jmsj/01010094},
    FJOURNAL = {Journal of the Mathematical Society of Japan},
    ISSN = {0025-5645},
    JOURNAL = {J. Math. Soc. Japan},
    MRCLASS = {55.00},
    MRNUMBER = {99664},
    PAGES = {94--105, 235--248},
    TITLE = {On the genus of the alternating knot. {I}, {II}},
    URL = {https://doi.org/10.2969/jmsj/01010094},
    VOLUME = {10},
    YEAR = {1958},
}

@article {crowell59,
    AUTHOR = {Crowell, Richard H.},
    FJOURNAL = {Illinois Journal of Mathematics},
    ISSN = {0019-2082},
    JOURNAL = {Illinois J. Math.},
    MRCLASS = {55.00},
    MRNUMBER = {0099667},
    MRREVIEWER = {R. H. Fox},
    PAGES = {101--120},
    TITLE = {Nonalternating links},
    URL = {http://projecteuclid.org/euclid.ijm/1255455002},
    VOLUME = {3},
    YEAR = {1959},
}

@article {fox60,
    AUTHOR = {Fox, Ralph H.},
    DOI = {10.2307/1969936},
    FJOURNAL = {Annals of Mathematics. Second Series},
    ISSN = {0003-486X},
    JOURNAL = {Ann. of Math. (2)},
    MRCLASS = {20.00 (55.00)},
    MRNUMBER = {111781},
    MRREVIEWER = {R. C. Lyndon},
    PAGES = {408--422},
    TITLE = {Free differential calculus. {V}. {T}he {A}lexander matrices re-examined},
    URL = {https://doi.org/10.2307/1969936},
    VOLUME = {71},
    YEAR = {1960},
}

@article {haken61,
    AUTHOR = {Haken, Wolfgang},
    FJOURNAL = {Acta Mathematica},
    ISSN = {0001-5962},
    JOURNAL = {Acta Math.},
    MRCLASS = {55.20 (55.60)},
    MRNUMBER = {0141106},
    PAGES = {245--375},
    TITLE = {Theorie der {N}ormalfl\"achen},
    URL = {https://doi.org/10.1007/BF02559591},
    VOLUME = {105},
    YEAR = {1961},
}

@article {murasugi61,
    AUTHOR = {Murasugi, Kunio},
    FJOURNAL = {Proceedings of the Japan Academy},
    ISSN = {0021-4280},
    JOURNAL = {Proc. Japan Acad.},
    MRCLASS = {55.20},
    MRNUMBER = {133819},
    MRREVIEWER = {R. H. Fox},
    PAGES = {222},
    TITLE = {Remarks on torus knots},
    URL = {http://projecteuclid.org/euclid.pja/1195523746},
    VOLUME = {37},
    YEAR = {1961},
}

@article {neuwirth61,
    AUTHOR = {Neuwirth, Lee},
    FJOURNAL = {Duke Mathematical Journal},
    ISSN = {0012-7094},
    JOURNAL = {Duke Math. J.},
    MRCLASS = {55.20},
    MRNUMBER = {133818},
    MRREVIEWER = {R. H. Fox},
    PAGES = {545--551},
    TITLE = {A note on torus knots and links determined by their groups},
    URL = {http://projecteuclid.org/euclid.dmj/1077469834},
    VOLUME = {28},
    YEAR = {1961},
}

@article {schubert61,
    AUTHOR = {Schubert, Horst},
    DOI = {10.1007/BF01210965},
    FJOURNAL = {Mathematische Zeitschrift},
    ISSN = {0025-5874},
    JOURNAL = {Math. Z.},
    MRCLASS = {55.20 (55.60)},
    MRNUMBER = {141107},
    PAGES = {116--148},
    TITLE = {Bestimmung der {P}rimfaktorzerlegung von {V}erkettungen},
    URL = {https://doi.org/10.1007/BF01210965},
    VOLUME = {76},
    YEAR = {1961},
}

@article {fadell62,
    AUTHOR = {Fadell, Edward and Van Buskirk, James},
    FJOURNAL = {Duke Mathematical Journal},
    ISSN = {0012-7094},
    JOURNAL = {Duke Math. J.},
    MRCLASS = {55.60 (55.45)},
    MRNUMBER = {141128},
    MRREVIEWER = {R. H. Fox},
    PAGES = {243--257},
    TITLE = {The braid groups of {$E^{2}$} and {$S^{2}$}},
    URL = {http://projecteuclid.org/euclid.dmj/1077470130},
    VOLUME = {29},
    YEAR = {1962},
}

@inproceedings {fox62,
    AUTHOR = {Fox, Ralph H.},
    BOOKTITLE = {Topology of 3-manifolds and related topics ({P}roc. {T}he {U}niv. of {G}eorgia {I}nstitute, 1961)},
    MRCLASS = {55.20},
    MRNUMBER = {0140100},
    MRREVIEWER = {L. Neuwirth},
    PAGES = {168--176},
    PUBLISHER = {Prentice-Hall, Englewood Cliffs, N.J.},
    TITLE = {Some problems in knot theory},
    YEAR = {1962},
}

@article {trotter62,
    AUTHOR = {Trotter, Hale F.},
    DOI = {10.2307/1970369},
    FJOURNAL = {Annals of Mathematics. Second Series},
    ISSN = {0003-486X},
    JOURNAL = {Ann. of Math. (2)},
    MRCLASS = {55.20},
    MRNUMBER = {0143201},
    MRREVIEWER = {R. H. Fox},
    PAGES = {464--498},
    TITLE = {Homology of group systems with applications to knot theory},
    URL = {https://doi.org/10.2307/1970369},
    VOLUME = {76},
    YEAR = {1962},
}

@book {crowell63,
    AUTHOR = {Crowell, Richard H. and Fox, Ralph H.},
    MRCLASS = {55.10},
    MRNUMBER = {0146828},
    MRREVIEWER = {L. Neuwirth},
    PAGES = {x+182},
    PUBLISHER = {Ginn and Co., Boston, Mass.},
    SERIES = {Based upon lectures given at Haverford College under the Philips Lecture Program},
    TITLE = {Introduction to knot theory},
    YEAR = {1963},
}

@article {trotter63,
    AUTHOR = {Trotter, Hale F.},
    DOI = {10.1016/0040-9383(63)90011-9},
    FJOURNAL = {Topology},
    ISSN = {0040-9383},
    JOURNAL = {Topology. An International Journal of Mathematics},
    MRCLASS = {55.20},
    MRNUMBER = {0158395},
    MRREVIEWER = {O. G. Harrold},
    PAGES = {275--280},
    TITLE = {Non-invertible knots exist},
    URL = {http://dx.doi.org/10.1016/0040-9383(63)90011-9},
    VOLUME = {2},
    YEAR = {1963},
}

@incollection {kervaire65,
    AUTHOR = {Kervaire, Michel A.},
    BOOKTITLE = {Differential and {C}ombinatorial {T}opology ({A} {S}ymposium in {H}onor of {M}arston {M}orse)},
    MRCLASS = {57.20 (55.20)},
    MRNUMBER = {0178475},
    MRREVIEWER = {J. F. Adams},
    PAGES = {105--119},
    PUBLISHER = {Princeton Univ. Press, Princeton, N.J.},
    TITLE = {On higher dimensional knots},
    YEAR = {1965},
}

@article {murasugi65,
    AUTHOR = {Murasugi, Kunio},
    DOI = {10.2307/1994215},
    FJOURNAL = {Transactions of the American Mathematical Society},
    ISSN = {0002-9947},
    JOURNAL = {Trans. Amer. Math. Soc.},
    MRCLASS = {55.20},
    MRNUMBER = {0171275},
    MRREVIEWER = {R. H. Fox},
    PAGES = {387--422},
    TITLE = {On a certain numerical invariant of link types},
    URL = {https://doi.org/10.2307/1994215},
    VOLUME = {117},
    YEAR = {1965},
}

@article {robertello65,
    AUTHOR = {Robertello, Raymond A.},
    DOI = {10.1002/cpa.3160180309},
    FJOURNAL = {Communications on Pure and Applied Mathematics},
    ISSN = {0010-3640},
    JOURNAL = {Comm. Pure Appl. Math.},
    MRCLASS = {55.20},
    MRNUMBER = {182965},
    MRREVIEWER = {A. Haefliger},
    PAGES = {543--555},
    TITLE = {An invariant of knot cobordism},
    URL = {https://doi.org/10.1002/cpa.3160180309},
    VOLUME = {18},
    YEAR = {1965},
}

@article {burde66,
    AUTHOR = {Burde, Gerhard and Zieschang, Heiner},
    DOI = {10.1007/BF01362170},
    FJOURNAL = {Mathematische Annalen},
    ISSN = {0025-5831},
    JOURNAL = {Math. Ann.},
    MRCLASS = {55.20},
    MRNUMBER = {210113},
    MRREVIEWER = {R. Bott},
    PAGES = {169--176},
    TITLE = {Eine {K}ennzeichnung der {T}orusknoten},
    URL = {https://doi.org/10.1007/BF01362170},
    VOLUME = {167},
    YEAR = {1966},
}

@article {fox66,
    AUTHOR = {Fox, Ralph H. and Milnor, John W.},
    FJOURNAL = {Osaka Mathematical Journal},
    ISSN = {0388-0699},
    JOURNAL = {Osaka Math. J.},
    MRCLASS = {55.20 (57.00)},
    MRNUMBER = {211392},
    MRREVIEWER = {C. H. Giffen},
    PAGES = {257--267},
    TITLE = {Singularities of {$2$}-spheres in {$4$}-space and cobordism of knots},
    URL = {http://projecteuclid.org/euclid.ojm/1200691730},
    VOLUME = {3},
    YEAR = {1966},
}

@book {magnus66,
    AUTHOR = {Magnus, Wilhelm and Karrass, Abraham and Solitar, Donald},
    MRCLASS = {20.10},
    MRNUMBER = {0207802},
    MRREVIEWER = {Graham Higman},
    PAGES = {xii+444},
    PUBLISHER = {Interscience Publishers [John Wiley \& Sons, Inc.], New York-London-Sydney},
    TITLE = {Combinatorial group theory: {P}resentations of groups in terms of generators and relations},
    YEAR = {1966},
}

@incollection {milnor68,
    AUTHOR = {Milnor, John W.},
    BOOKTITLE = {Conference on the {T}opology of {M}anifolds ({M}ichigan {S}tate {U}niv., {E}. {L}ansing, {M}ich., 1967)},
    MRCLASS = {57.01 (55.00)},
    MRNUMBER = {0242163},
    MRREVIEWER = {M. A. Kervaire},
    PAGES = {115--133},
    PUBLISHER = {Prindle, Weber \& Schmidt, Boston, Mass.},
    TITLE = {Infinite cyclic coverings},
    YEAR = {1968},
}

@article {garside69,
    AUTHOR = {Garside, Frank A.},
    DOI = {10.1093/qmath/20.1.235},
    FJOURNAL = {The Quarterly Journal of Mathematics. Oxford. Second Series},
    ISSN = {0033-5606},
    JOURNAL = {Quart. J. Math. Oxford Ser. (2)},
    MRCLASS = {55.20},
    MRNUMBER = {248801},
    MRREVIEWER = {L. Neuwirth},
    PAGES = {235--254},
    TITLE = {The braid group and other groups},
    URL = {https://doi.org/10.1093/qmath/20.1.235},
    VOLUME = {20},
    YEAR = {1969},
}

@article {levine69,
    AUTHOR = {Levine, Jerome},
    DOI = {10.1007/BF02564525},
    FJOURNAL = {Commentarii Mathematici Helvetici},
    ISSN = {0010-2571},
    JOURNAL = {Comment. Math. Helv.},
    MRCLASS = {57.20},
    MRNUMBER = {246314},
    MRREVIEWER = {R. Schultz},
    PAGES = {229--244},
    TITLE = {Knot cobordism groups in codimension two},
    URL = {https://doi.org/10.1007/BF02564525},
    VOLUME = {44},
    YEAR = {1969},
}

@article {murasugi69,
    AUTHOR = {Murasugi, Kunio},
    DOI = {10.2307/2036859},
    FJOURNAL = {Proceedings of the American Mathematical Society},
    ISSN = {0002-9939},
    JOURNAL = {Proc. Amer. Math. Soc.},
    MRCLASS = {55.20},
    MRNUMBER = {238301},
    MRREVIEWER = {L. Neuwirth},
    PAGES = {69--72},
    TITLE = {The {A}rf invariant for knot types},
    URL = {https://doi.org/10.2307/2036859},
    VOLUME = {21},
    YEAR = {1969},
}

@article {tristram69,
    AUTHOR = {Tristram, Andrew G.},
    DOI = {10.1017/s0305004100044947},
    FJOURNAL = {Proceedings of the Cambridge Philosophical Society},
    ISSN = {0008-1981},
    JOURNAL = {Proc. Cambridge Philos. Soc.},
    MRCLASS = {57.01 (55.00)},
    MRNUMBER = {248854},
    MRREVIEWER = {H. E. Debrunner},
    PAGES = {251--264},
    TITLE = {Some cobordism invariants for links},
    URL = {https://doi.org/10.1017/s0305004100044947},
    VOLUME = {66},
    YEAR = {1969},
}

@incollection {conway70,
    AUTHOR = {Conway, John H.},
    BOOKTITLE = {Computational {P}roblems in {A}bstract {A}lgebra ({P}roc. {C}onf., {O}xford, 1967)},
    MRCLASS = {55.20},
    MRNUMBER = {0258014},
    MRREVIEWER = {H. E. Debrunner},
    PAGES = {329--358},
    PUBLISHER = {Pergamon, Oxford},
    TITLE = {An enumeration of knots and links, and some of their algebraic properties},
    YEAR = {1970},
}

@article {levine70,
    AUTHOR = {Levine, Jerome},
    DOI = {10.1007/BF02567325},
    FJOURNAL = {Commentarii Mathematici Helvetici},
    ISSN = {0010-2571},
    JOURNAL = {Comment. Math. Helv.},
    MRCLASS = {57.20},
    MRNUMBER = {0266226},
    MRREVIEWER = {D. W. L. Sumners},
    PAGES = {185--198},
    TITLE = {An algebraic classification of some knots of codimension two},
    URL = {https://doi.org/10.1007/BF02567325},
    VOLUME = {45},
    YEAR = {1970},
}

@article {murasugi71,
    AUTHOR = {Murasugi, Kunio},
    DOI = {10.1007/BF02566836},
    FJOURNAL = {Commentarii Mathematici Helvetici},
    ISSN = {0010-2571},
    JOURNAL = {Comment. Math. Helv.},
    MRCLASS = {55A25},
    MRNUMBER = {0292060},
    MRREVIEWER = {Wilbur Whitten},
    PAGES = {162--174},
    TITLE = {On periodic knots},
    URL = {https://doi.org/10.1007/BF02566836},
    VOLUME = {46},
    YEAR = {1971},
}

@article {riley71,
    AUTHOR = {Riley, Robert},
    DOI = {10.2307/2005224},
    FJOURNAL = {Mathematics of Computation},
    ISSN = {0025-5718},
    JOURNAL = {Math. Comp.},
    MRCLASS = {55A25},
    MRNUMBER = {0295332},
    MRREVIEWER = {L. Neuwirth},
    PAGES = {603--619; addendum, ibid. 25 (1971), no. 115, loose microfiche suppl. A-B},
    TITLE = {Homomorphisms of knot groups on finite groups},
    URL = {https://doi.org/10.2307/2005224},
    VOLUME = {25},
    YEAR = {1971},
}

@article {shinohara71,
    AUTHOR = {Shinohara, Yaichi},
    DOI = {10.2307/1995612},
    FJOURNAL = {Transactions of the American Mathematical Society},
    ISSN = {0002-9947},
    JOURNAL = {Trans. Amer. Math. Soc.},
    MRCLASS = {55.20},
    MRNUMBER = {275415},
    MRREVIEWER = {H. E. Debrunner},
    PAGES = {273--285},
    TITLE = {On the signature of knots and links},
    URL = {https://doi.org/10.2307/1995612},
    VOLUME = {156},
    YEAR = {1971},
}

@article {goodrick72,
    AUTHOR = {Goodrick, Richard E.},
    FJOURNAL = {Pacific Journal of Mathematics},
    ISSN = {0030-8730},
    JOURNAL = {Pacific J. Math.},
    MRCLASS = {55A25},
    MRNUMBER = {315693},
    MRREVIEWER = {E. M. Brown},
    PAGES = {561--564},
    TITLE = {Two bridge knots are alternating knots},
    URL = {http://projecteuclid.org/euclid.pjm/1102968556},
    VOLUME = {40},
    YEAR = {1972},
}

@article {montesinos73,
    AUTHOR = {Montesinos, Jos\'{e} M.},
    FJOURNAL = {Bolet\'{\i}n de la Sociedad Matem\'{a}tica Mexicana. Segunda Serie},
    JOURNAL = {Bol. Soc. Mat. Mexicana (2)},
    MRCLASS = {55A25},
    MRNUMBER = {341467},
    MRREVIEWER = {H. E. Debrunner},
    PAGES = {1--32},
    TITLE = {Seifert manifolds that are ramified two-sheeted cyclic coverings},
    VOLUME = {18},
    YEAR = {1973},
}

@book {mostow73,
    AUTHOR = {Mostow, George D.},
    MRCLASS = {22E40 (53C35)},
    MRNUMBER = {0385004},
    MRREVIEWER = {M. S. Raghunathan},
    NOTE = {Annals of Mathematics Studies, No. 78},
    PAGES = {v+195},
    PUBLISHER = {Princeton University Press, Princeton, N.J.; University of Tokyo Press, Tokyo},
    TITLE = {Strong rigidity of locally symmetric spaces},
    YEAR = {1973},
}

@article {prasad73,
    AUTHOR = {Prasad, Gopal},
    DOI = {10.1007/BF01418789},
    FJOURNAL = {Inventiones Mathematicae},
    ISSN = {0020-9910},
    JOURNAL = {Invent. Math.},
    MRCLASS = {22E40 (53C35)},
    MRNUMBER = {385005},
    MRREVIEWER = {M. S. Raghunathan},
    PAGES = {255--286},
    TITLE = {Strong rigidity of {${\bf Q}$}-rank {$1$} lattices},
    URL = {https://doi.org/10.1007/BF01418789},
    VOLUME = {21},
    YEAR = {1973},
}

@book {birman74,
    AUTHOR = {Birman, Joan S.},
    MRCLASS = {55A25},
    MRNUMBER = {0375281},
    MRREVIEWER = {Wilbur Whitten},
    NOTE = {Annals of Mathematics Studies, No. 82},
    PAGES = {ix+228},
    PUBLISHER = {Princeton University Press, Princeton, N.J.; University of Tokyo Press, Tokyo},
    TITLE = {Braids, links, and mapping class groups},
    YEAR = {1974},
}

@book {reidemeister32,
    AUTHOR = {Reidemeister, Kurt},
    MRCLASS = {55-02 (55A25)},
    MRNUMBER = {0345089},
    NOTE = {Reprint},
    PAGES = {vi+74},
    PUBLISHER = {Springer-Verlag, Berlin-New York},
    TITLE = {Knotentheorie},
    YEAR = {1974},
}

@incollection {montesinos75,
    AUTHOR = {Montesinos, Jos\'{e} M.},
    BOOKTITLE = {Knots, groups, and {$3$}-manifolds ({P}apers dedicated to the memory of {R}. {H}. {F}ox)},
    MRCLASS = {57A10},
    MRNUMBER = {0380802},
    MRREVIEWER = {R. J. Daverman},
    PAGES = {227--259. Ann. of Math. Studies, No. 84},
    PUBLISHER = {Princeton University Press, Princeton, NJ},
    TITLE = {Surgery on links and double branched covers of {$S^{3}$}},
    YEAR = {1975},
}

@article {riley75,
    AUTHOR = {Riley, Robert},
    DOI = {10.1017/S0305004100051094},
    FJOURNAL = {Mathematical Proceedings of the Cambridge Philosophical Society},
    ISSN = {0305-0041},
    JOURNAL = {Math. Proc. Cambridge Philos. Soc.},
    MRCLASS = {30A58 (20H10 57A10)},
    MRNUMBER = {412416},
    MRREVIEWER = {B. Maskit},
    PAGES = {281--288},
    TITLE = {A quadratic parabolic group},
    URL = {https://doi.org/10.1017/S0305004100051094},
    VOLUME = {77},
    YEAR = {1975},
}

@book {rolfsen76,
    AUTHOR = {Rolfsen, Dale},
    MRCLASS = {55-01},
    MRNUMBER = {0515288},
    NOTE = {Mathematics Lecture Series, No. 7},
    PAGES = {ix+439},
    PUBLISHER = {Publish or Perish, Inc., Berkeley, Calif.},
    TITLE = {Knots and links},
    YEAR = {1976},
}

@article {sakai77,
    AUTHOR = {Sakai, Tsuyoshi},
    FJOURNAL = {Kobe University. Mathematics Seminar Notes},
    ISSN = {0385-633x},
    JOURNAL = {Math. Sem. Notes Kobe Univ.},
    MRCLASS = {55A25},
    MRNUMBER = {494064},
    MRREVIEWER = {J. P. Levine},
    NUMBER = {3},
    PAGES = {451--456},
    TITLE = {A remark on the {A}lexander polynomials of knots},
    VOLUME = {5},
    YEAR = {1977},
}

@article {feustel78,
    AUTHOR = {Feustel, Charles D. and Whitten, Wilbur},
    DOI = {10.4153/CJM-1978-105-0},
    FJOURNAL = {Canadian Journal of Mathematics. Journal Canadien de Math\'ematiques},
    ISSN = {0008-414X},
    JOURNAL = {Canad. J. Math.},
    MRCLASS = {57M25},
    MRNUMBER = {511562},
    MRREVIEWER = {L. Neuwirth},
    NUMBER = {6},
    PAGES = {1284--1295},
    TITLE = {Groups and complements of knots},
    URL = {https://doi.org/10.4153/CJM-1978-105-0},
    VOLUME = {30},
    YEAR = {1978},
}

@inproceedings {gordon78,
    AUTHOR = {Casson, Andrew J. and Gordon, Cameron McA.},
    BOOKTITLE = {Algebraic and geometric topology ({P}roc. {S}ympos. {P}ure {M}ath., {S}tanford {U}niv., {S}tanford, {C}alif., 1976), {P}art 2},
    MRCLASS = {57M25},
    MRNUMBER = {520521},
    PAGES = {39--53},
    PUBLISHER = {Amer. Math. Soc., Providence, R.I.},
    SERIES = {Proc. Sympos. Pure Math., XXXII},
    TITLE = {On slice knots in dimension three},
    YEAR = {1978},
}

@incollection {kirby78,
    AUTHOR = {Kirby, Rob},
    BOOKTITLE = {Algebraic and geometric topology ({P}roc. {S}ympos. {P}ure {M}ath., {S}tanford {U}niv., {S}tanford, {C}alif., 1976), {P}art 2},
    MRCLASS = {57-02},
    MRNUMBER = {520548},
    MRREVIEWER = {Louis H. Kauffman},
    PAGES = {273--312},
    PUBLISHER = {Amer. Math. Soc., Providence, R.I.},
    SERIES = {Proc. Sympos. Pure Math., XXXII},
    TITLE = {Problems in low dimensional manifold theory},
    YEAR = {1978},
}

@phdthesis {bonahon79,
    AUTHOR = {Bonahon, Francis},
    SCHOOL = {University of Paris XI (Orsay)},
    TITLE = {Involutions et fibr{\'e}s de Seifert dans les vari{\'e}t{\'e}s de dimension 3},
    YEAR = {1979},
}

@article {bonahon80,
    AUTHOR = {Bonahon, Francis and Siebenmann, Laurent},
    JOURNAL = {Unpublished manuscript},
    TITLE = {Les nœuds algébriques},
    YEAR = {1979},
}

@article {hartley79,
    AUTHOR = {Hartley, Richard and Kawauchi, Akio},
    DOI = {10.1007/BF01420207},
    FJOURNAL = {Mathematische Annalen},
    ISSN = {0025-5831},
    JOURNAL = {Math. Ann.},
    MRCLASS = {57M25},
    MRNUMBER = {543095},
    MRREVIEWER = {Hale F. Trotter},
    NUMBER = {1},
    PAGES = {63--70},
    TITLE = {Polynomials of amphicheiral knots},
    URL = {https://doi.org/10.1007/BF01420207},
    VOLUME = {243},
    YEAR = {1979},
}

@article {jaco79,
    AUTHOR = {Jaco, William H. and Shalen, Peter B.},
    FJOURNAL = {Memoirs of the American Mathematical Society},
    ISSN = {0065-9266},
    JOURNAL = {Mem. Amer. Math. Soc.},
    MRCLASS = {57N10},
    MRNUMBER = {539411},
    MRREVIEWER = {Hugh M. Hilden},
    NUMBER = {220},
    PAGES = {viii+192},
    TITLE = {Seifert fibered spaces in {$3$}-manifolds},
    URL = {https://doi.org/10.1090/memo/0220},
    VOLUME = {21},
    YEAR = {1979},
}

@book {johannson79,
    AUTHOR = {Johannson, Klaus},
    ISBN = {3-540-09714-7},
    MRCLASS = {57N10},
    MRNUMBER = {551744},
    MRREVIEWER = {John Hempel},
    PAGES = {ii+303},
    PUBLISHER = {Springer, Berlin},
    SERIES = {Lecture Notes in Mathematics},
    TITLE = {Homotopy equivalences of {$3$}-manifolds with boundaries},
    VOLUME = {761},
    YEAR = {1979},
}

@article {kondo79,
    AUTHOR = {Kondo, Hisako},
    FJOURNAL = {Osaka Mathematical Journal},
    ISSN = {0388-0699},
    JOURNAL = {Osaka Math. J.},
    MRCLASS = {57M25},
    MRNUMBER = {539606},
    MRREVIEWER = {Wilbur Whitten},
    NUMBER = {2},
    PAGES = {551--559},
    TITLE = {Knots of unknotting number {$1$} and their {A}lexander polynomials},
    URL = {http://projecteuclid.org/euclid.ojm/1200772094},
    VOLUME = {16},
    YEAR = {1979},
}

@inproceedings {litherland79,
    AUTHOR = {Litherland, Richard A.},
    BOOKTITLE = {Topology of low-dimensional manifolds ({P}roc. {S}econd {S}ussex {C}onf., {C}helwood {G}ate, 1977)},
    MRCLASS = {57M25},
    MRNUMBER = {547456},
    MRREVIEWER = {Lee Rudolph},
    PAGES = {71--84},
    PUBLISHER = {Springer, Berlin},
    SERIES = {Lecture Notes in Math.},
    TITLE = {Signatures of iterated torus knots},
    VOLUME = {722},
    YEAR = {1979},
}

@inproceedings {riley79,
    AUTHOR = {Riley, Robert},
    BOOKTITLE = {Topology of low-dimensional manifolds ({P}roc. {S}econd {S}ussex {C}onf., {C}helwood {G}ate, 1977)},
    MRCLASS = {57N10 (30F40 57M25)},
    MRNUMBER = {547459},
    MRREVIEWER = {G. Peter Scott},
    PAGES = {99--133},
    PUBLISHER = {Springer, Berlin},
    SERIES = {Lecture Notes in Math.},
    TITLE = {An elliptical path from parabolic representations to hyperbolic structures},
    VOLUME = {722},
    YEAR = {1979},
}

@book {boileau80,
    AUTHOR = {Boileau, Michel and Siebenmann, Laurent},
    PUBLISHER = {Universit{\'e} de Paris-Sud. D{\'e}partement de Math{\'e}matique},
    TITLE = {A planar classification of pretzel knots and Montesinos knots},
    YEAR = {1980},
}

@article {hartley80,
    AUTHOR = {Hartley, Richard},
    DOI = {10.1007/BF01176707},
    FJOURNAL = {Mathematische Zeitschrift},
    ISSN = {0025-5874},
    JOURNAL = {Math. Z.},
    MRCLASS = {57M25},
    MRNUMBER = {570907},
    MRREVIEWER = {L. Neuwirth},
    NUMBER = {2},
    PAGES = {175--185},
    TITLE = {Knots and involutions},
    URL = {https://doi.org/10.1007/BF01176707},
    VOLUME = {171},
    YEAR = {1980},
}

@article {perko80,
    AUTHOR = {Perko, Kenneth A.},
    DOI = {10.13140/RG.2.1.2774.0007},
    FJOURNAL = {Ast\'{e}risque},
    JOURNAL = {Ast\'{e}risque},
    TITLE = {Invariants of 11-crossing knots},
    YEAR = {1980},
}

@article {hillman81,
    AUTHOR = {Hillman, Jonathan A.},
    DOI = {10.1017/S0305004100057893},
    FJOURNAL = {Mathematical Proceedings of the Cambridge Philosophical Society},
    ISSN = {0305-0041},
    JOURNAL = {Math. Proc. Cambridge Philos. Soc.},
    MRCLASS = {57M25},
    MRNUMBER = {591967},
    MRREVIEWER = {Louis H. Kauffman},
    NUMBER = {1},
    PAGES = {19--22},
    TITLE = {The {T}orres conditions are insufficient},
    URL = {https://doi.org/10.1017/S0305004100057893},
    VOLUME = {89},
    YEAR = {1981},
}

@article {kanenobu81,
    AUTHOR = {Kanenobu, Taizo},
    FJOURNAL = {Kobe University. Mathematics Seminar Notes},
    ISSN = {0385-633x},
    JOURNAL = {Math. Sem. Notes Kobe Univ.},
    MRCLASS = {57M25},
    MRNUMBER = {633997},
    MRREVIEWER = {G. Burde},
    NUMBER = {1},
    PAGES = {75--84},
    TITLE = {Module d'{A}lexander des n\oe uds fibr\'{e}s et polyn\^{o}me de {H}osokawa des lacements fibr\'{e}s},
    VOLUME = {9},
    YEAR = {1981},
}

@article {litherland81,
    AUTHOR = {Gordon, Cameron McA. and Litherland, Richard A. and Murasugi, Kunio},
    DOI = {10.4153/CJM-1981-032-3},
    FJOURNAL = {Canad. J. Math.},
    ISSN = {0008-414X},
    JOURNAL = {Canadian Journal of Mathematics. Journal Canadien de Math\'ematiques},
    MRCLASS = {57M25},
    MRNUMBER = {617628},
    MRREVIEWER = {J. P. Levine},
    NUMBER = {2},
    PAGES = {381--394},
    TITLE = {Signatures of covering links},
    URL = {http://dx.doi.org/10.4153/CJM-1981-032-3},
    VOLUME = {33},
    YEAR = {1981},
}

@article {whitten81,
    AUTHOR = {Whitten, Wilbur},
    FJOURNAL = {Pacific Journal of Mathematics},
    ISSN = {0030-8730},
    JOURNAL = {Pacific J. Math.},
    MRCLASS = {57M25},
    MRNUMBER = {638190},
    MRREVIEWER = {Mark E. Kidwell},
    NUMBER = {1},
    PAGES = {209--216},
    TITLE = {Inverting double knots},
    URL = {http://projecteuclid.org/euclid.pjm/1102734672},
    VOLUME = {97},
    YEAR = {1981},
}

@inproceedings {wielenberg81,
    AUTHOR = {Wielenberg, Norbert J.},
    BOOKTITLE = {Riemann surfaces and related topics: {P}roceedings of the 1978 {S}tony {B}rook {C}onference ({S}tate {U}niv. {N}ew {Y}ork, {S}tony {B}rook, {N}.{Y}., 1978)},
    MRCLASS = {57N10},
    MRNUMBER = {624835},
    MRREVIEWER = {Troels J\o rgensen},
    PAGES = {505--513},
    PUBLISHER = {Princeton Univ. Press, Princeton, N.J.},
    SERIES = {Ann. of Math. Stud.},
    TITLE = {Hyperbolic {$3$}-manifolds which share a fundamental polyhedron},
    VOLUME = {97},
    YEAR = {1981},
}

@book {caudron82,
    AUTHOR = {Caudron, Alain},
    MRCLASS = {57M25},
    MRNUMBER = {679310},
    MRREVIEWER = {Sergej V. Matveev},
    PAGES = {351+5+15},
    PUBLISHER = {Universit\'{e} de Paris-Sud, D\'{e}partement de Math\'{e}matique, Orsay},
    SERIES = {Publications Math\'{e}matiques d'Orsay 82 [Mathematical Publications of Orsay 82]},
    TITLE = {Classification des n\oe uds et des enlacements},
    VOLUME = {4},
    YEAR = {1982},
}

@article {freedman82,
    AUTHOR = {Freedman, Michael H.},
    FJOURNAL = {Journal of Differential Geometry},
    ISSN = {0022-040X},
    JOURNAL = {J. Differential Geometry},
    MRCLASS = {57N12 (57R80 57R99)},
    MRNUMBER = {679066},
    MRREVIEWER = {John J. Walsh},
    NUMBER = {3},
    PAGES = {357--453},
    TITLE = {The topology of four-dimensional manifolds},
    URL = {http://projecteuclid.org/euclid.jdg/1214437136},
    VOLUME = {17},
    YEAR = {1982},
}

@article {giller82,
    AUTHOR = {Giller, Cole A.},
    DOI = {10.2307/1999762},
    FJOURNAL = {Transactions of the American Mathematical Society},
    ISSN = {0002-9947},
    JOURNAL = {Trans. Amer. Math. Soc.},
    MRCLASS = {57M25 (57M12)},
    MRNUMBER = {642331},
    MRREVIEWER = {R. C. Kirby},
    NUMBER = {1},
    PAGES = {75--109},
    TITLE = {A family of links and the {C}onway calculus},
    URL = {https://doi.org/10.2307/1999762},
    VOLUME = {270},
    YEAR = {1982},
}

@inproceedings {perko82,
    AUTHOR = {Perko, Kenneth A.},
    BOOKTITLE = {Proceedings of the 1982 {T}opology {C}onference ({A}nnapolis, {M}d., 1982)},
    FJOURNAL = {Topology Proceedings},
    ISSN = {0146-4124},
    JOURNAL = {Topology Proc.},
    MRCLASS = {57M25},
    MRNUMBER = {696625},
    MRREVIEWER = {G. Burde},
    NUMBER = {1},
    PAGES = {109--118},
    TITLE = {Primality of certain knots},
    VOLUME = {7},
    YEAR = {1982},
}

@article {thurston82,
    AUTHOR = {Thurston, William P.},
    DOI = {10.1090/S0273-0979-1982-15003-0},
    FJOURNAL = {American Mathematical Society. Bulletin. New Series},
    ISSN = {0273-0979},
    JOURNAL = {Bull. Amer. Math. Soc. (N.S.)},
    MRCLASS = {57N10 (20H15 30F40 57M35 57M40 57S17)},
    MRNUMBER = {648524},
    MRREVIEWER = {Klaus Johannson},
    NUMBER = {3},
    PAGES = {357--381},
    TITLE = {Three-dimensional manifolds, {K}leinian groups and hyperbolic geometry},
    URL = {https://doi.org/10.1090/S0273-0979-1982-15003-0},
    VOLUME = {6},
    YEAR = {1982},
}

@book {adams83,
    AUTHOR = {Adams, Colin C.},
    MRCLASS = {Thesis},
    MRNUMBER = {2633211},
    NOTE = {Thesis (Ph.D.)--The University of Wisconsin - Madison},
    PAGES = {173},
    PUBLISHER = {ProQuest LLC, Ann Arbor, MI},
    TITLE = {Hyperbolic structures on link complements},
    URL = {http://gateway.proquest.com/openurl?url_ver=Z39.88-2004&rft_val_fmt=info:ofi/fmt:kev:mtx:dissertation&res_dat=xri:pqdiss&rft_dat=xri:pqdiss:8321733},
    YEAR = {1983},
}

@article {dowker83,
    AUTHOR = {Dowker, Clifford H. and Thistlethwaite, Morwen B.},
    DOI = {10.1016/0166-8641(83)90004-4},
    FJOURNAL = {Topology and its Applications},
    ISSN = {0166-8641},
    JOURNAL = {Topology Appl.},
    MRCLASS = {57M25},
    MRNUMBER = {702617},
    NUMBER = {1},
    PAGES = {19--31},
    TITLE = {Classification of knot projections},
    URL = {https://doi.org/10.1016/0166-8641(83)90004-4},
    VOLUME = {16},
    YEAR = {1983},
}

@book {kauffman83,
    AUTHOR = {Kauffman, Louis H.},
    ISBN = {0-691-08336-3},
    MRCLASS = {57M25},
    MRNUMBER = {712133},
    MRREVIEWER = {Hale F. Trotter},
    PAGES = {ii+168},
    PUBLISHER = {Princeton University Press, Princeton, NJ},
    SERIES = {Mathematical Notes},
    TITLE = {Formal knot theory},
    VOLUME = {30},
    YEAR = {1983},
}

@article {livingston83,
    AUTHOR = {Livingston, Charles},
    DOI = {10.1093/qmath/34.3.323},
    FJOURNAL = {The Quarterly Journal of Mathematics. Oxford. Second Series},
    ISSN = {0033-5606},
    JOURNAL = {Quart. J. Math. Oxford Ser. (2)},
    MRCLASS = {57M25 (57Q60)},
    MRNUMBER = {711524},
    MRREVIEWER = {Cameron McA. Gordon},
    NUMBER = {135},
    PAGES = {323--328},
    TITLE = {Knots which are not concordant to their reverses},
    URL = {https://doi.org/10.1093/qmath/34.3.323},
    VOLUME = {34},
    YEAR = {1983},
}

@article {nakanishi83,
    AUTHOR = {Nakanishi, Yasutaka},
    FJOURNAL = {Kobe University. Mathematics Seminar Notes},
    ISSN = {0385-633x},
    JOURNAL = {Math. Sem. Notes Kobe Univ.},
    MRCLASS = {57M25},
    MRNUMBER = {749196},
    MRREVIEWER = {L. O. Cannon},
    NUMBER = {2},
    PAGES = {257--258},
    TITLE = {Unknotting numbers and knot diagrams with the minimum crossings},
    VOLUME = {11},
    YEAR = {1983},
}

@article {sakai83,
    AUTHOR = {Sakai, Tsuyoshi},
    DOI = {10.1007/BF01458444},
    FJOURNAL = {Mathematische Annalen},
    ISSN = {0025-5831},
    JOURNAL = {Math. Ann.},
    MRCLASS = {57M25},
    MRNUMBER = {724739},
    MRREVIEWER = {G. Burde},
    NUMBER = {2},
    PAGES = {229--232},
    TITLE = {Polynomials of invertible knots},
    URL = {https://doi.org/10.1007/BF01458444},
    VOLUME = {266},
    YEAR = {1983},
}

@article {trace83,
    AUTHOR = {Trace, Bruce},
    DOI = {10.2307/2044613},
    FJOURNAL = {Proceedings of the American Mathematical Society},
    ISSN = {0002-9939},
    JOURNAL = {Proc. Amer. Math. Soc.},
    MRCLASS = {57M25},
    MRNUMBER = {719004},
    MRREVIEWER = {G. Burde},
    NUMBER = {4},
    PAGES = {722--724},
    TITLE = {On the {R}eidemeister moves of a classical knot},
    URL = {https://doi.org/10.2307/2044613},
    VOLUME = {89},
    YEAR = {1983},
}

@article {bleiler84,
    AUTHOR = {Bleiler, Steven A.},
    FJOURNAL = {Mathematical Proceedings of the Cambridge Philosophical Society},
    ISSN = {0305-0041},
    JOURNAL = {Math. Proc. Cambridge Philos. Soc.},
    MRCLASS = {57M25},
    MRNUMBER = {757839},
    MRREVIEWER = {V. G. Turaev},
    NUMBER = {3},
    PAGES = {469--471},
    TITLE = {A note on unknotting number},
    URL = {https://doi.org/10.1017/S0305004100062381},
    VOLUME = {96},
    YEAR = {1984},
}

@article {menasco84,
    AUTHOR = {Menasco, William W.},
    DOI = {10.1016/0040-9383(84)90023-5},
    FJOURNAL = {Topology},
    ISSN = {0040-9383},
    JOURNAL = {Topology. An International Journal of Mathematics},
    MRCLASS = {57M25},
    MRNUMBER = {721450},
    MRREVIEWER = {Cameron McA. Gordon},
    NUMBER = {1},
    PAGES = {37--44},
    TITLE = {Closed incompressible surfaces in alternating knot and link complements},
    URL = {http://dx.doi.org/10.1016/0040-9383(84)90023-5},
    VOLUME = {23},
    YEAR = {1984},
}

@article {oertel84,
    AUTHOR = {Oertel, Ulrich},
    FJOURNAL = {Pacific Journal of Mathematics},
    ISSN = {0030-8730},
    JOURNAL = {Pacific J. Math.},
    MRCLASS = {57M25},
    MRNUMBER = {732067},
    MRREVIEWER = {G. Burde},
    NUMBER = {1},
    PAGES = {209--230},
    TITLE = {Closed incompressible surfaces in complements of star links},
    URL = {http://projecteuclid.org/euclid.pjm/1102710789},
    VOLUME = {111},
    YEAR = {1984},
}

@article {homfly85,
    AUTHOR = {Freyd, Peter and Yetter, David and Hoste, Jim and Lickorish, William B. R. and Millett, Kenneth C. and Ocneanu, Adrian},
    DOI = {10.1090/S0273-0979-1985-15361-3},
    FJOURNAL = {American Mathematical Society. Bulletin. New Series},
    ISSN = {0273-0979},
    JOURNAL = {Bull. Amer. Math. Soc. (N.S.)},
    MRCLASS = {57M25},
    MRNUMBER = {776477},
    MRREVIEWER = {J. S. Birman},
    NUMBER = {2},
    PAGES = {239--246},
    TITLE = {A new polynomial invariant of knots and links},
    URL = {http://dx.doi.org/10.1090/S0273-0979-1985-15361-3},
    VOLUME = {12},
    YEAR = {1985},
}

@article {jones85,
    AUTHOR = {Jones, Vaughan F. R.},
    DOI = {10.1090/S0273-0979-1985-15304-2},
    FJOURNAL = {Bull. Amer. Math. Soc. (N.S.)},
    ISSN = {0273-0979},
    JOURNAL = {American Mathematical Society. Bulletin. New Series},
    MRCLASS = {57M25 (46L10)},
    MRNUMBER = {766964},
    MRREVIEWER = {J. S. Birman},
    NUMBER = {1},
    PAGES = {103--111},
    TITLE = {A polynomial invariant for knots via von {N}eumann algebras},
    URL = {http://dx.doi.org/10.1090/S0273-0979-1985-15304-2},
    VOLUME = {12},
    YEAR = {1985},
}

@article {lannes85,
    AUTHOR = {Lannes, Jean},
    DOI = {10.1007/BF02567409},
    FJOURNAL = {Commentarii Mathematici Helvetici},
    ISSN = {0010-2571},
    JOURNAL = {Comment. Math. Helv.},
    MRCLASS = {57M25},
    MRNUMBER = {800002},
    MRREVIEWER = {J. P. Levine},
    NUMBER = {2},
    PAGES = {179--192},
    TITLE = {Sur l'invariant de {K}ervaire des n\oe uds classiques},
    URL = {https://doi.org/10.1007/BF02567409},
    VOLUME = {60},
    YEAR = {1985},
}

@incollection {lickorish85,
    AUTHOR = {Lickorish, William B. R.},
    BOOKTITLE = {Combinatorial methods in topology and algebraic geometry ({R}ochester, {N}.{Y}., 1982)},
    DOI = {10.1090/conm/044/813107},
    MRCLASS = {57M25},
    MRNUMBER = {813107},
    MRREVIEWER = {Charles Livingston},
    PAGES = {117--121},
    PUBLISHER = {Amer. Math. Soc., Providence, RI},
    SERIES = {Contemp. Math.},
    TITLE = {The unknotting number of a classical knot},
    URL = {https://doi.org/10.1090/conm/044/813107},
    VOLUME = {44},
    YEAR = {1985},
}

@article {murasugi85,
    AUTHOR = {Murasugi, Kunio},
    FJOURNAL = {Australian Mathematical Society. Journal. Series A. Pure Mathematics and Statistics},
    ISSN = {0263-6115},
    JOURNAL = {J. Austral. Math. Soc. Ser. A},
    MRCLASS = {57M25},
    MRNUMBER = {802722},
    MRREVIEWER = {Louis H. Kauffman},
    NUMBER = {3},
    PAGES = {317--333},
    TITLE = {On the {A}lexander polynomial of alternating algebraic knots},
    VOLUME = {39},
    YEAR = {1985},
}

@article {neumann85,
    AUTHOR = {Neumann, Walter D. and Zagier, Don},
    DOI = {10.1016/0040-9383(85)90004-7},
    FJOURNAL = {Topology. An International Journal of Mathematics},
    ISSN = {0040-9383},
    JOURNAL = {Topology},
    MRCLASS = {57N10 (22E40 53C20)},
    MRNUMBER = {815482},
    MRREVIEWER = {Troels J\o rgensen},
    NUMBER = {3},
    PAGES = {307--332},
    TITLE = {Volumes of hyperbolic three-manifolds},
    URL = {https://doi.org/10.1016/0040-9383(85)90004-7},
    VOLUME = {24},
    YEAR = {1985},
}

@article {scharlemann85,
    AUTHOR = {Scharlemann, Martin G.},
    DOI = {10.1007/BF01394778},
    FJOURNAL = {Invent. Math.},
    ISSN = {0020-9910},
    JOURNAL = {Inventiones Mathematicae},
    MRCLASS = {57M25},
    MRNUMBER = {808108},
    MRREVIEWER = {Steven H. Weintraub},
    NUMBER = {1},
    PAGES = {37--55},
    TITLE = {Unknotting number one knots are prime},
    URL = {http://dx.doi.org/10.1007/BF01394778},
    VOLUME = {82},
    YEAR = {1985},
}

@article {brandt86,
    AUTHOR = {Brandt, Robert D. and Lickorish, William B. R. and Millett, Kenneth C.},
    FJOURNAL = {Inventiones Mathematicae},
    ISSN = {0020-9910},
    JOURNAL = {Invent. Math.},
    MRCLASS = {57M25},
    MRNUMBER = {837528},
    MRREVIEWER = {Cameron McA. Gordon},
    NUMBER = {3},
    PAGES = {563--573},
    TITLE = {A polynomial invariant for unoriented knots and links},
    URL = {https://doi.org/10.1007/BF01388747},
    VOLUME = {84},
    YEAR = {1986},
}

@incollection {casson86,
    AUTHOR = {Casson, Andrew J. and Gordon, Cameron McA.},
    BOOKTITLE = {\`A la recherche de la topologie perdue},
    MRCLASS = {57R90 (57M25)},
    MRNUMBER = {900252},
    NOTE = {With an appendix by P. M. Gilmer},
    PAGES = {181--199},
    PUBLISHER = {Birkh\"{a}user Boston, Boston, MA},
    SERIES = {Progr. Math.},
    TITLE = {Cobordism of classical knots},
    VOLUME = {62},
    YEAR = {1986},
}

@article {gabai86,
    AUTHOR = {Gabai, David},
    DOI = {10.1090/memo/0339},
    FJOURNAL = {Memoirs of the American Mathematical Society},
    ISSN = {0065-9266},
    JOURNAL = {Mem. Amer. Math. Soc.},
    MRCLASS = {57M25 (57M35 57N10 57R20 57R30 57R95)},
    MRNUMBER = {823442},
    MRREVIEWER = {John Hempel},
    NUMBER = {339},
    PAGES = {i--viii and 1--98},
    TITLE = {Genera of the arborescent links},
    URL = {https://doi.org/10.1090/memo/0339},
    VOLUME = {59},
    YEAR = {1986},
}

@article {gompf86,
    AUTHOR = {Gompf, Robert E.},
    DOI = {10.1016/0040-9383(86)90049-2},
    FJOURNAL = {Topology. An International Journal of Mathematics},
    ISSN = {0040-9383},
    JOURNAL = {Topology},
    MRCLASS = {57M25 (57N70)},
    MRNUMBER = {842430},
    MRREVIEWER = {Martin Scharlemann},
    NUMBER = {3},
    PAGES = {353--373},
    TITLE = {Smooth concordance of topologically slice knots},
    URL = {https://doi.org/10.1016/0040-9383(86)90049-2},
    VOLUME = {25},
    YEAR = {1986},
}

@article {kanenobu86,
    AUTHOR = {Kanenobu, Taizo},
    DOI = {10.2307/2046099},
    FJOURNAL = {Proceedings of the American Mathematical Society},
    ISSN = {0002-9939},
    JOURNAL = {Proc. Amer. Math. Soc.},
    MRCLASS = {57M25},
    MRNUMBER = {831406},
    MRREVIEWER = {Sergej V. Matveev},
    NUMBER = {1},
    PAGES = {158--162},
    TITLE = {Infinitely many knots with the same polynomial invariant},
    URL = {http://dx.doi.org/10.2307/2046099},
    VOLUME = {97},
    YEAR = {1986},
}

@article {kanenobumurakami86,
    AUTHOR = {Kanenobu, Taizo and Murakami, Hitoshi},
    DOI = {10.2307/2046210},
    FJOURNAL = {Proceedings of the American Mathematical Society},
    ISSN = {0002-9939},
    JOURNAL = {Proc. Amer. Math. Soc.},
    MRCLASS = {57M25},
    MRNUMBER = {857949},
    MRREVIEWER = {Mark E. Kidwell},
    NUMBER = {3},
    PAGES = {499--502},
    TITLE = {Two-bridge knots with unknotting number one},
    URL = {https://doi.org/10.2307/2046210},
    VOLUME = {98},
    YEAR = {1986},
}

@article {lipson86,
    AUTHOR = {Lipson, Andrew S.},
    DOI = {10.1017/S0305004100077367},
    FJOURNAL = {Mathematical Proceedings of the Cambridge Philosophical Society},
    ISSN = {0305-0041},
    JOURNAL = {Math. Proc. Cambridge Philos. Soc.},
    MRCLASS = {57M25},
    MRNUMBER = {848859},
    MRREVIEWER = {Kenneth C. Millett},
    NUMBER = {2},
    PAGES = {361--364},
    TITLE = {An evaluation of a link polynomial},
    URL = {https://doi.org/10.1017/S0305004100077367},
    VOLUME = {100},
    YEAR = {1986},
}

@article {morton86,
    AUTHOR = {Morton, Hugh R.},
    DOI = {10.1017/S0305004100063982},
    FJOURNAL = {Mathematical Proceedings of the Cambridge Philosophical Society},
    ISSN = {0305-0041},
    JOURNAL = {Math. Proc. Cambridge Philos. Soc.},
    MRCLASS = {57M25},
    MRNUMBER = {809504},
    MRREVIEWER = {J. S. Birman},
    NUMBER = {1},
    PAGES = {107--109},
    TITLE = {Seifert circles and knot polynomials},
    URL = {https://doi.org/10.1017/S0305004100063982},
    VOLUME = {99},
    YEAR = {1986},
}

@article {mortonhr86,
    AUTHOR = {Morton, Hugh R.},
    DOI = {10.1017/S0305004100064161},
    FJOURNAL = {Mathematical Proceedings of the Cambridge Philosophical Society},
    ISSN = {0305-0041},
    JOURNAL = {Math. Proc. Cambridge Philos. Soc.},
    MRCLASS = {57M25 (20F36)},
    MRNUMBER = {817666},
    MRREVIEWER = {J. S. Birman},
    NUMBER = {2},
    PAGES = {247--260},
    TITLE = {Threading knot diagrams},
    URL = {https://doi.org/10.1017/S0305004100064161},
    VOLUME = {99},
    YEAR = {1986},
}

@article {murakami86,
    AUTHOR = {Murakami, Hitoshi},
    DOI = {10.2969/jmsj/03820335},
    FJOURNAL = {Journal of the Mathematical Society of Japan},
    ISSN = {0025-5645},
    JOURNAL = {J. Math. Soc. Japan},
    MRCLASS = {57M25},
    MRNUMBER = {833206},
    MRREVIEWER = {Louis H. Kauffman},
    NUMBER = {2},
    PAGES = {335--338},
    TITLE = {A recursive calculation of the {A}rf invariant of a link},
    URL = {https://doi.org/10.2969/jmsj/03820335},
    VOLUME = {38},
    YEAR = {1986},
}

@article {turaev86,
    AUTHOR = {Turaev, Vladimir G.},
    FJOURNAL = {Akademiya Nauk SSSR i Moskovskoe Matematicheskoe Obshchestvo. Uspekhi Matematicheskikh Nauk},
    ISSN = {0042-1316},
    JOURNAL = {Uspekhi Mat. Nauk},
    MRCLASS = {57M25 (55U15 57Q10 57Q45)},
    MRNUMBER = {832411},
    MRREVIEWER = {Don\v{c}o Dimovski},
    NUMBER = {1(247)},
    PAGES = {97--147, 240},
    TITLE = {Reidemeister torsion in knot theory},
    VOLUME = {41},
    YEAR = {1986},
}

@article {culler87,
    AUTHOR = {Culler, Marc and Gordon, Cameron McA. and Luecke, John and Shalen, Peter B.},
    DOI = {10.2307/1971311},
    FJOURNAL = {Annals of Mathematics. Second Series},
    ISSN = {0003-486X},
    JOURNAL = {Ann. of Math. (2)},
    MRCLASS = {57N12 (57M25 57M40)},
    MRNUMBER = {881270},
    MRREVIEWER = {John Hempel},
    NUMBER = {2},
    PAGES = {237--300},
    TITLE = {Dehn surgery on knots},
    URL = {https://doi.org/10.2307/1971311},
    VOLUME = {125},
    YEAR = {1987},
}

@article {ernst87,
    AUTHOR = {Ernst, Claus and Sumners, De Witt W.},
    FJOURNAL = {Mathematical Proceedings of the Cambridge Philosophical Society},
    ISSN = {0305-0041},
    JOURNAL = {Math. Proc. Cambridge Philos. Soc.},
    MRCLASS = {57M25},
    MRNUMBER = {898150},
    MRREVIEWER = {Mark E. Kidwell},
    NUMBER = {2},
    PAGES = {303--315},
    TITLE = {The growth of the number of prime knots},
    URL = {https://doi.org/10.1017/S0305004100067323},
    VOLUME = {102},
    YEAR = {1987},
}

@article {kauffman87,
    AUTHOR = {Kauffman, Louis H.},
    DOI = {10.1016/0040-9383(87)90009-7},
    FJOURNAL = {Topology. An International Journal of Mathematics},
    ISSN = {0040-9383},
    JOURNAL = {Topology},
    MRCLASS = {57M25},
    MRNUMBER = {899057},
    MRREVIEWER = {J. S. Birman},
    NUMBER = {3},
    PAGES = {395--407},
    TITLE = {State models and the {J}ones polynomial},
    URL = {https://doi.org/10.1016/0040-9383(87)90009-7},
    VOLUME = {26},
    YEAR = {1987},
}

@article {kohno87,
    AUTHOR = {Kohno, Toshitake},
    FJOURNAL = {Universit\'{e} de Grenoble. Annales de l'Institut Fourier},
    ISSN = {0373-0956},
    JOURNAL = {Ann. Inst. Fourier (Grenoble)},
    MRCLASS = {17B65 (32C40 58A15 58F07 82A69)},
    MRNUMBER = {927394},
    NUMBER = {4},
    PAGES = {139--160},
    TITLE = {Monodromy representations of braid groups and {Y}ang-{B}axter equations},
    URL = {http://www.numdam.org/item?id=AIF_1987__37_4_139_0},
    VOLUME = {37},
    YEAR = {1987},
}

@article {lickorish87,
    AUTHOR = {Lickorish, William B. R. and Millett, Kenneth C.},
    FJOURNAL = {Topology. An International Journal of Mathematics},
    ISSN = {0040-9383},
    JOURNAL = {Topology},
    MRCLASS = {57M25},
    MRNUMBER = {880512},
    MRREVIEWER = {J\'ozef H. Przytycki},
    NUMBER = {1},
    PAGES = {107--141},
    TITLE = {A polynomial invariant of oriented links},
    URL = {https://doi.org/10.1016/0040-9383(87)90025-5},
    VOLUME = {26},
    YEAR = {1987},
}

@article {lipson87,
    AUTHOR = {Lickorish, William B. R. and Lipson, Andrew S.},
    DOI = {10.2307/2045971},
    FJOURNAL = {Proceedings of the American Mathematical Society},
    ISSN = {0002-9939},
    JOURNAL = {Proc. Amer. Math. Soc.},
    MRCLASS = {57M25},
    MRNUMBER = {884479},
    MRREVIEWER = {Hugh Reynolds Morton},
    NUMBER = {2},
    PAGES = {355--361},
    TITLE = {Polynomials of {$2$}-cable-like links},
    URL = {https://doi.org/10.2307/2045971},
    VOLUME = {100},
    YEAR = {1987},
}

@article {moriah87,
    AUTHOR = {Moriah, Yoav},
    DOI = {10.2307/2046644},
    FJOURNAL = {Proceedings of the American Mathematical Society},
    ISSN = {0002-9939},
    JOURNAL = {Proc. Amer. Math. Soc.},
    MRCLASS = {57M25},
    MRNUMBER = {870804},
    MRREVIEWER = {Taizo Kanenobu},
    NUMBER = {2},
    PAGES = {373--379},
    TITLE = {On the free genus of knots},
    URL = {https://doi.org/10.2307/2046644},
    VOLUME = {99},
    YEAR = {1987},
}

@article {murasugi87,
    AUTHOR = {Murasugi, Kunio},
    DOI = {10.1016/0040-9383(87)90058-9},
    FJOURNAL = {Topology. An International Journal of Mathematics},
    ISSN = {0040-9383},
    JOURNAL = {Topology},
    MRCLASS = {57M25},
    MRNUMBER = {895570},
    MRREVIEWER = {Louis H. Kauffman},
    NUMBER = {2},
    PAGES = {187--194},
    TITLE = {Jones polynomials and classical conjectures in knot theory},
    URL = {https://doi.org/10.1016/0040-9383(87)90058-9},
    VOLUME = {26},
    YEAR = {1987},
}

@article {przytycki87,
    AUTHOR = {Przytycki, J\'ozef H. and Traczyk, Pawe\l{}},
    DOI = {10.2307/2046716},
    FJOURNAL = {Proceedings of the American Mathematical Society},
    ISSN = {0002-9939},
    JOURNAL = {Proc. Amer. Math. Soc.},
    MRCLASS = {57M25},
    MRNUMBER = {894448},
    MRREVIEWER = {Kenneth C. Millett},
    NUMBER = {4},
    PAGES = {744--748},
    TITLE = {Conway algebras and skein equivalence of links},
    URL = {http://dx.doi.org/10.2307/2046716},
    VOLUME = {100},
    YEAR = {1987},
}

@article {ruberman87,
    AUTHOR = {Ruberman, Daniel},
    DOI = {10.1007/BF01389038},
    FJOURNAL = {Inventiones Mathematicae},
    ISSN = {0020-9910},
    JOURNAL = {Invent. Math.},
    MRCLASS = {57N10 (57M25)},
    MRNUMBER = {906585},
    MRREVIEWER = {J. H. Rubinstein},
    NUMBER = {1},
    PAGES = {189--215},
    TITLE = {Mutation and volumes of knots in {$S^3$}},
    URL = {https://doi.org/10.1007/BF01389038},
    VOLUME = {90},
    YEAR = {1987},
}

@article {thistlethwaite87,
    AUTHOR = {Thistlethwaite, Morwen B.},
    DOI = {10.1016/0040-9383(87)90003-6},
    FJOURNAL = {Topology. An International Journal of Mathematics},
    ISSN = {0040-9383},
    JOURNAL = {Topology},
    MRCLASS = {57M25},
    MRNUMBER = {899051},
    MRREVIEWER = {G. Burde},
    NUMBER = {3},
    PAGES = {297--309},
    TITLE = {A spanning tree expansion of the {J}ones polynomial},
    URL = {https://doi.org/10.1016/0040-9383(87)90003-6},
    VOLUME = {26},
    YEAR = {1987},
}

@article {whitten87,
    AUTHOR = {Whitten, Wilbur},
    DOI = {10.1016/0040-9383(87)90019-X},
    FJOURNAL = {Topology. An International Journal of Mathematics},
    ISSN = {0040-9383},
    JOURNAL = {Topology},
    MRCLASS = {57M25},
    MRNUMBER = {880506},
    MRREVIEWER = {Martin Scharlemann},
    NUMBER = {1},
    PAGES = {41--44},
    TITLE = {Knot complements and groups},
    URL = {https://doi.org/10.1016/0040-9383(87)90019-X},
    VOLUME = {26},
    YEAR = {1987},
}

@article {yamada87,
    AUTHOR = {Yamada, Shuji},
    DOI = {10.1007/BF01389082},
    FJOURNAL = {Inventiones Mathematicae},
    ISSN = {0020-9910},
    JOURNAL = {Invent. Math.},
    MRCLASS = {57M25},
    MRNUMBER = {894383},
    MRREVIEWER = {Hugh Reynolds Morton},
    NUMBER = {2},
    PAGES = {347--356},
    TITLE = {The minimal number of {S}eifert circles equals the braid index of a link},
    URL = {https://doi.org/10.1007/BF01389082},
    VOLUME = {89},
    YEAR = {1987},
}

@article {kauffman88,
    AUTHOR = {Kauffman, Louis H.},
    FJOURNAL = {Ast\'erisque},
    ISSN = {0303-1179},
    JOURNAL = {Ast\'erisque},
    MRCLASS = {57M25},
    MRNUMBER = {999974},
    MRREVIEWER = {J. S. Birman},
    NOTE = {On the geometry of differentiable manifolds (Rome, 1986)},
    NUMBER = {163-164},
    PAGES = {6, 137--219, 282 (1989)},
    TITLE = {New invariants in the theory of knots},
    YEAR = {1988},
}

@article {lickorish88,
    AUTHOR = {Lickorish, William B. R. and Thistlethwaite, Morwen B.},
    DOI = {10.1007/BF02566777},
    FJOURNAL = {Commentarii Mathematici Helvetici},
    ISSN = {0010-2571},
    JOURNAL = {Comment. Math. Helv.},
    MRCLASS = {57M25},
    MRNUMBER = {966948},
    MRREVIEWER = {G. Burde},
    NUMBER = {4},
    PAGES = {527--539},
    TITLE = {Some links with nontrivial polynomials and their crossing-numbers},
    URL = {https://doi.org/10.1007/BF02566777},
    VOLUME = {63},
    YEAR = {1988},
}

@article {millett88,
    AUTHOR = {Lickorish, William B. R. and Millett, Kenneth C.},
    DOI = {10.2307/2690324},
    FJOURNAL = {Mathematics Magazine},
    ISSN = {0025-570X},
    JOURNAL = {Math. Mag.},
    MRCLASS = {57M25},
    MRNUMBER = {934822},
    MRREVIEWER = {V. G. Turaev},
    NUMBER = {1},
    PAGES = {3--23},
    TITLE = {The new polynomial invariants of knots and links},
    URL = {https://doi.org/10.2307/2690324},
    VOLUME = {61},
    YEAR = {1988},
}

@article {murasugi88,
    AUTHOR = {Murasugi, Kunio},
    FJOURNAL = {Kobe Journal of Mathematics},
    ISSN = {0289-9051},
    JOURNAL = {Kobe J. Math.},
    MRCLASS = {57M25},
    MRNUMBER = {988581},
    MRREVIEWER = {Sergej V. Matveev},
    NUMBER = {1},
    PAGES = {75--86},
    TITLE = {An estimate of the bridge index of links},
    VOLUME = {5},
    YEAR = {1988},
}

@article {thistlethwaite88,
    AUTHOR = {Thistlethwaite, Morwen B.},
    DOI = {10.1007/BF01394334},
    FJOURNAL = {Inventiones Mathematicae},
    ISSN = {0020-9910},
    JOURNAL = {Invent. Math.},
    MRCLASS = {57M25},
    MRNUMBER = {948102},
    MRREVIEWER = {V. G. Turaev},
    NUMBER = {2},
    PAGES = {285--296},
    TITLE = {On the {K}auffman polynomial of an adequate link},
    URL = {https://doi.org/10.1007/BF01394334},
    VOLUME = {93},
    YEAR = {1988},
}

@incollection {traczyk88,
    AUTHOR = {Morton, Hugh R. and Traczyk, Pawe\l{}},
    BOOKTITLE = {Braids ({S}anta {C}ruz, {CA}, 1986)},
    DOI = {10.1090/conm/078/975096},
    MRCLASS = {57M25},
    MRNUMBER = {975096},
    MRREVIEWER = {Lorenzo Traldi},
    PAGES = {587--592},
    PUBLISHER = {Amer. Math. Soc., Providence, RI},
    SERIES = {Contemp. Math.},
    TITLE = {The {J}ones polynomial of satellite links around mutants},
    URL = {https://doi.org/10.1090/conm/078/975096},
    VOLUME = {78},
    YEAR = {1988},
}

@article {bonahon89,
    AUTHOR = {Bonahon, Francis and Siebenmann, Laurent},
    JOURNAL = {Unpublished manuscript},
    TITLE = {Geometric splittings of knots, and Conway’s algebraic knots},
    YEAR = {1989},
}

@article {cromwell89,
    AUTHOR = {Cromwell, Peter R.},
    DOI = {10.1112/jlms/s2-39.3.535},
    FJOURNAL = {Journal of the London Mathematical Society. Second Series},
    ISSN = {0024-6107},
    JOURNAL = {J. London Math. Soc. (2)},
    MRCLASS = {57M25},
    MRNUMBER = {1002465},
    MRREVIEWER = {Wilbur Whitten},
    NUMBER = {3},
    PAGES = {535--552},
    TITLE = {Homogeneous links},
    URL = {https://doi.org/10.1112/jlms/s2-39.3.535},
    VOLUME = {39},
    YEAR = {1989},
}

@article {gordon89,
    AUTHOR = {Gordon, Cameron McA. and Luecke, John},
    FJOURNAL = {Journal of the American Mathematical Society},
    ISSN = {0894-0347},
    JOURNAL = {J. Amer. Math. Soc.},
    MRCLASS = {57M25 (57M40)},
    MRNUMBER = {965210},
    MRREVIEWER = {Martin Scharlemann},
    NUMBER = {2},
    PAGES = {371--415},
    TITLE = {Knots are determined by their complements},
    URL = {https://doi.org/10.2307/1990979},
    VOLUME = {2},
    YEAR = {1989},
}

@article {kanenobu89,
    AUTHOR = {Kanenobu, Taizo},
    DOI = {10.1007/BF01442676},
    FJOURNAL = {Mathematische Annalen},
    ISSN = {0025-5831},
    JOURNAL = {Math. Ann.},
    MRCLASS = {57M25},
    MRNUMBER = {1010195},
    MRREVIEWER = {J\'{o}zef H. Przytycki},
    NUMBER = {1},
    PAGES = {115--124},
    TITLE = {Relations between the {J}ones and {$Q$} polynomials for {$2$}-bridge and {$3$}-braid links},
    URL = {https://doi.org/10.1007/BF01442676},
    VOLUME = {285},
    YEAR = {1989},
}

@article {kirk89,
    AUTHOR = {Kirk, Paul A.},
    DOI = {10.1017/S0305004100067815},
    FJOURNAL = {Mathematical Proceedings of the Cambridge Philosophical Society},
    ISSN = {0305-0041},
    JOURNAL = {Math. Proc. Cambridge Philos. Soc.},
    MRCLASS = {57N10 (57M12)},
    MRNUMBER = {974988},
    MRREVIEWER = {Alexander I. Suciu},
    NUMBER = {2},
    PAGES = {313--318},
    TITLE = {Mutations of homology spheres and {C}asson's invariant},
    URL = {https://doi.org/10.1017/S0305004100067815},
    VOLUME = {105},
    YEAR = {1989},
}

@article {kobayashi89,
    AUTHOR = {Kobayashi, Tsuyoshi},
    FJOURNAL = {Kobe Journal of Mathematics},
    ISSN = {0289-9051},
    JOURNAL = {Kobe J. Math.},
    MRCLASS = {57M25},
    MRNUMBER = {1023526},
    MRREVIEWER = {G. Burde},
    NUMBER = {1},
    PAGES = {53--62},
    TITLE = {Minimal genus {S}eifert surfaces for unknotting number {$1$} knots},
    VOLUME = {6},
    YEAR = {1989},
}

@article {przytycki89,
    AUTHOR = {Przytycki, J\'{o}zef H.},
    DOI = {10.4153/CJM-1989-013-1},
    FJOURNAL = {Canadian Journal of Mathematics. Journal Canadien de Math\'{e}matiques},
    ISSN = {0008-414X},
    JOURNAL = {Canad. J. Math.},
    MRCLASS = {57M25},
    MRNUMBER = {1001611},
    MRREVIEWER = {G. Burde},
    NUMBER = {2},
    PAGES = {250--273},
    TITLE = {Equivalence of cables of mutants of knots},
    URL = {https://doi.org/10.4153/CJM-1989-013-1},
    VOLUME = {41},
    YEAR = {1989},
}

@incollection {sakuma89,
    AUTHOR = {Sakuma, Makoto},
    BOOKTITLE = {Transformation groups ({O}saka, 1987)},
    DOI = {10.1007/BFb0085618},
    MRCLASS = {57M25},
    MRNUMBER = {1006701},
    MRREVIEWER = {Erica Flapan},
    PAGES = {291--306},
    PUBLISHER = {Springer, Berlin},
    SERIES = {Lecture Notes in Math.},
    TITLE = {Realization of the symmetry groups of links},
    URL = {https://doi.org/10.1007/BFb0085618},
    VOLUME = {1375},
    YEAR = {1989},
}

@article {turaev90,
    AUTHOR = {Turaev, Vladimir G.},
    DOI = {10.1070/IM1990v035n02ABEH000711},
    FJOURNAL = {Izvestiya Akademii Nauk SSSR. Seriya Matematicheskaya},
    ISSN = {0373-2436},
    JOURNAL = {Izv. Akad. Nauk SSSR Ser. Mat.},
    MRCLASS = {17B37 (57M25 82B23)},
    MRNUMBER = {1024455},
    MRREVIEWER = {Ya. S. So\u{\i}bel\cprime man},
    NUMBER = {5},
    PAGES = {1073--1107, 1135},
    TITLE = {Operator invariants of tangles, and {$R$}-matrices},
    URL = {https://doi.org/10.1070/IM1990v035n02ABEH000711},
    VOLUME = {53},
    YEAR = {1989},
}

@article {ernst90,
    AUTHOR = {Ernst, Claus and Sumners, De Witt W.},
    DOI = {10.1017/S0305004100069383},
    FJOURNAL = {Mathematical Proceedings of the Cambridge Philosophical Society},
    ISSN = {0305-0041},
    JOURNAL = {Math. Proc. Cambridge Philos. Soc.},
    MRCLASS = {92D20 (57M25)},
    MRNUMBER = {1068451},
    MRREVIEWER = {J. E. Keesling},
    NUMBER = {3},
    PAGES = {489--515},
    TITLE = {A calculus for rational tangles: applications to {DNA} recombination},
    URL = {https://doi.org/10.1017/S0305004100069383},
    VOLUME = {108},
    YEAR = {1990},
}

@incollection {floer90,
    AUTHOR = {Floer, Andreas},
    BOOKTITLE = {Geometry of low-dimensional manifolds, 1 ({D}urham, 1989)},
    MRCLASS = {57R57 (57N10 57R65 58G05)},
    MRNUMBER = {1171893},
    MRREVIEWER = {Ronald J. Stern},
    PAGES = {97--114},
    PUBLISHER = {Cambridge Univ. Press, Cambridge},
    SERIES = {London Math. Soc. Lecture Note Ser.},
    TITLE = {Instanton homology, surgery, and knots},
    VOLUME = {150},
    YEAR = {1990},
}

@article {kauffman90,
    AUTHOR = {Kauffman, Louis H.},
    DOI = {10.2307/2001315},
    FJOURNAL = {Transactions of the American Mathematical Society},
    ISSN = {0002-9947},
    JOURNAL = {Trans. Amer. Math. Soc.},
    MRCLASS = {57M25},
    MRNUMBER = {958895},
    MRREVIEWER = {Hugh Reynolds Morton},
    NUMBER = {2},
    PAGES = {417--471},
    TITLE = {An invariant of regular isotopy},
    URL = {https://doi.org/10.2307/2001315},
    VOLUME = {318},
    YEAR = {1990},
}

@article {vogel90,
    AUTHOR = {Vogel, Pierre},
    DOI = {10.1007/BF02566597},
    FJOURNAL = {Commentarii Mathematici Helvetici},
    ISSN = {0010-2571},
    JOURNAL = {Comment. Math. Helv.},
    MRCLASS = {57M25},
    MRNUMBER = {1036132},
    MRREVIEWER = {Hugh Reynolds Morton},
    NUMBER = {1},
    PAGES = {104--113},
    TITLE = {Representation of links by braids: a new algorithm},
    URL = {https://doi.org/10.1007/BF02566597},
    VOLUME = {65},
    YEAR = {1990},
}

@article {doll91,
    AUTHOR = {Doll, Helmut and Hoste, Jim},
    DOI = {10.2307/2938715},
    FJOURNAL = {Mathematics of Computation},
    ISSN = {0025-5718},
    JOURNAL = {Math. Comp.},
    MRCLASS = {57M25},
    MRNUMBER = {1094946},
    MRREVIEWER = {G. Burde},
    NOTE = {With microfiche supplement},
    NUMBER = {196},
    PAGES = {747--761},
    TITLE = {A tabulation of oriented links},
    URL = {https://doi.org/10.2307/2938715},
    VOLUME = {57},
    YEAR = {1991},
}

@book {kauffman91,
    AUTHOR = {Kauffman, Louis H.},
    DOI = {10.1142/9789812796226},
    ISBN = {981-02-0343-8; 981-02-0344-6},
    MRCLASS = {57M25 (17B37 81T40 82B23)},
    MRNUMBER = {1141156},
    MRREVIEWER = {Claude Itzykson},
    PAGES = {xii+538},
    PUBLISHER = {World Scientific Publishing Co., Inc., River Edge, NJ},
    SERIES = {Series on Knots and Everything},
    TITLE = {Knots and physics},
    URL = {https://doi.org/10.1142/9789812796226},
    VOLUME = {1},
    YEAR = {1991},
}

@article {kohn91,
    AUTHOR = {Kohn, Peter},
    DOI = {10.2307/2048793},
    FJOURNAL = {Proceedings of the American Mathematical Society},
    ISSN = {0002-9939},
    JOURNAL = {Proc. Amer. Math. Soc.},
    MRCLASS = {57M25},
    MRNUMBER = {1079893},
    MRREVIEWER = {Taizo Kanenobu},
    NUMBER = {4},
    PAGES = {1135--1147},
    TITLE = {Two-bridge links with unlinking number one},
    URL = {https://doi.org/10.2307/2048793},
    VOLUME = {113},
    YEAR = {1991},
}

@article {moody91,
    AUTHOR = {Moody, John A.},
    DOI = {10.1090/S0273-0979-1991-16080-5},
    FJOURNAL = {American Mathematical Society. Bulletin. New Series},
    ISSN = {0273-0979},
    JOURNAL = {Bull. Amer. Math. Soc. (N.S.)},
    MRCLASS = {20F36 (57M07 57M25)},
    MRNUMBER = {1098347},
    MRREVIEWER = {Darren D. Long},
    NUMBER = {2},
    PAGES = {379--384},
    TITLE = {The {B}urau representation of the braid group {$B_n$} is unfaithful for large {$n$}},
    URL = {https://doi.org/10.1090/S0273-0979-1991-16080-5},
    VOLUME = {25},
    YEAR = {1991},
}

@article {murasugi91,
    AUTHOR = {Murasugi, Kunio},
    DOI = {10.2307/2001863},
    FJOURNAL = {Transactions of the American Mathematical Society},
    ISSN = {0002-9947},
    JOURNAL = {Trans. Amer. Math. Soc.},
    MRCLASS = {57M25},
    MRNUMBER = {1000333},
    MRREVIEWER = {Hugh Reynolds Morton},
    NUMBER = {1},
    PAGES = {237--260},
    TITLE = {On the braid index of alternating links},
    URL = {https://doi.org/10.2307/2001863},
    VOLUME = {326},
    YEAR = {1991},
}

@article {negami91,
    AUTHOR = {Negami, Seiya},
    DOI = {10.2307/2001731},
    FJOURNAL = {Transactions of the American Mathematical Society},
    ISSN = {0002-9947},
    JOURNAL = {Trans. Amer. Math. Soc.},
    MRCLASS = {57M25 (05C10)},
    MRNUMBER = {1069741},
    NUMBER = {2},
    PAGES = {527--541},
    TITLE = {Ramsey theorems for knots, links and spatial graphs},
    URL = {https://doi.org/10.2307/2001731},
    VOLUME = {324},
    YEAR = {1991},
}

@article {zhang91,
    AUTHOR = {Zhang, Xingru},
    DOI = {10.2307/2048550},
    FJOURNAL = {Proceedings of the American Mathematical Society},
    ISSN = {0002-9939},
    JOURNAL = {Proc. Amer. Math. Soc.},
    MRCLASS = {57M25},
    MRNUMBER = {1076582},
    MRREVIEWER = {G. Burde},
    NUMBER = {2},
    PAGES = {611--612},
    TITLE = {Unknotting number one knots are prime: a new proof},
    URL = {https://doi.org/10.2307/2048550},
    VOLUME = {113},
    YEAR = {1991},
}

@book {benedetti92,
    AUTHOR = {Benedetti, Riccardo and Petronio, Carlo},
    DOI = {10.1007/978-3-642-58158-8},
    ISBN = {3-540-55534-X},
    MRCLASS = {57M50 (30F40 30F60 51M10 57N10)},
    MRNUMBER = {1219310},
    MRREVIEWER = {Colin C. Adams},
    PAGES = {xiv+330},
    PUBLISHER = {Springer-Verlag, Berlin},
    SERIES = {Universitext},
    TITLE = {Lectures on hyperbolic geometry},
    URL = {https://doi.org/10.1007/978-3-642-58158-8},
    YEAR = {1992},
}

@article {brock92,
    AUTHOR = {Adams, Colin C. and Brock, Jeffrey F. and Bugbee, John and Comar, Timothy D. and Faigin, Keith A. and Huston, Amy M. and Joseph, Anne M. and Pesikoff, David},
    DOI = {10.1016/0166-8641(92)90130-R},
    FJOURNAL = {Topology and its Applications},
    ISSN = {0166-8641},
    JOURNAL = {Topology Appl.},
    MRCLASS = {57M25},
    MRNUMBER = {1184114},
    MRREVIEWER = {Alan W. Reid},
    NUMBER = {2},
    PAGES = {151--165},
    TITLE = {Almost alternating links},
    URL = {https://doi.org/10.1016/0166-8641(92)90130-R},
    VOLUME = {46},
    YEAR = {1992},
}

@incollection {kodama92,
    AUTHOR = {Kodama, Kouzi and Sakuma, Makoto},
    BOOKTITLE = {Knots 90 ({O}saka, 1990)},
    MRCLASS = {57M25 (57-04)},
    MRNUMBER = {1177431},
    MRREVIEWER = {G. Burde},
    PAGES = {323--340},
    PUBLISHER = {de Gruyter, Berlin},
    TITLE = {Symmetry groups of prime knots up to {$10$} crossings},
    YEAR = {1992},
}

@incollection {welsh92,
    AUTHOR = {Welsh, Dominic J. A.},
    BOOKTITLE = {Sets, graphs and numbers ({B}udapest, 1991)},
    MRCLASS = {57M25 (05C10)},
    MRNUMBER = {1218230},
    MRREVIEWER = {D. W. L. Sumners},
    PAGES = {713--718},
    PUBLISHER = {North-Holland, Amsterdam},
    SERIES = {Colloq. Math. Soc. J\'{a}nos Bolyai},
    TITLE = {On the number of knots and links},
    VOLUME = {60},
    YEAR = {1992},
}

@article {birman93,
    AUTHOR = {Birman, Joan S. and Lin, Xiao-Song},
    DOI = {10.1007/BF01231287},
    FJOURNAL = {Inventiones Mathematicae},
    ISSN = {0020-9910},
    JOURNAL = {Invent. Math.},
    MRCLASS = {57M25},
    MRNUMBER = {1198809},
    MRREVIEWER = {J\'{o}zef H. Przytycki},
    NUMBER = {2},
    PAGES = {225--270},
    TITLE = {Knot polynomials and {V}assiliev's invariants},
    URL = {https://doi.org/10.1007/BF01231287},
    VOLUME = {111},
    YEAR = {1993},
}

@article {kanenobu93,
    AUTHOR = {Kanenobu, Taizo and Sumi, Toshio},
    FJOURNAL = {Mathematics of Computation},
    ISSN = {0025-5718},
    JOURNAL = {Math. Comp.},
    MRCLASS = {57M25},
    MRNUMBER = {1176711},
    MRREVIEWER = {Charles Livingston},
    NUMBER = {202},
    PAGES = {771--778, S17--S28},
    TITLE = {Polynomial invariants of {$2$}-bridge knots through {$22$} crossings},
    URL = {https://doi.org/10.2307/2153115},
    VOLUME = {60},
    YEAR = {1993},
}

@article {kohn93,
    AUTHOR = {Kohn, Peter},
    FJOURNAL = {Osaka Journal of Mathematics},
    ISSN = {0030-6126},
    JOURNAL = {Osaka J. Math.},
    MRCLASS = {57M25},
    MRNUMBER = {1250780},
    NUMBER = {4},
    PAGES = {741--752},
    TITLE = {Unlinking two component links},
    URL = {http://projecteuclid.org/euclid.ojm/1200784732},
    VOLUME = {30},
    YEAR = {1993},
}

@incollection {kontsevich93,
    AUTHOR = {Kontsevich, Maxim},
    BOOKTITLE = {I. {M}. {G}elfand {S}eminar},
    MRCLASS = {57M25 (81T40)},
    MRNUMBER = {1237836},
    MRREVIEWER = {J. S. Birman},
    PAGES = {137--150},
    PUBLISHER = {Amer. Math. Soc., Providence, RI},
    SERIES = {Adv. Soviet Math.},
    TITLE = {Vassiliev's knot invariants},
    VOLUME = {16},
    YEAR = {1993},
}

@article {kronheimer93,
    AUTHOR = {Kronheimer, Peter B. and Mrowka, Tomasz S.},
    DOI = {10.1016/0040-9383(93)90051-V},
    FJOURNAL = {Topology. An International Journal of Mathematics},
    ISSN = {0040-9383},
    JOURNAL = {Topology},
    MRCLASS = {57R57 (57N13 57R40 57R55 58D29)},
    MRNUMBER = {1241873},
    MRREVIEWER = {Ronald J. Stern},
    NUMBER = {4},
    PAGES = {773--826},
    TITLE = {Gauge theory for embedded surfaces. {I}},
    URL = {https://doi.org/10.1016/0040-9383(93)90051-V},
    VOLUME = {32},
    YEAR = {1993},
}

@book {livingston93,
    AUTHOR = {Livingston, Charles},
    ISBN = {0-88385-027-3},
    MRCLASS = {57M25},
    MRNUMBER = {1253070},
    MRREVIEWER = {William Dunbar},
    PAGES = {xviii+240},
    PUBLISHER = {Mathematical Association of America, Washington, DC},
    SERIES = {Carus Mathematical Monographs},
    TITLE = {Knot theory},
    VOLUME = {24},
    YEAR = {1993},
}

@article {menasco93,
    AUTHOR = {Menasco, William W. and Thistlethwaite, Morwen B.},
    DOI = {10.2307/2946636},
    FJOURNAL = {Annals of Mathematics. Second Series},
    ISSN = {0003-486X},
    JOURNAL = {Ann. of Math. (2)},
    MRCLASS = {57M25},
    MRNUMBER = {1230928},
    MRREVIEWER = {Louis H. Kauffman},
    NUMBER = {1},
    PAGES = {113--171},
    TITLE = {The classification of alternating links},
    URL = {https://doi.org/10.2307/2946636},
    VOLUME = {138},
    YEAR = {1993},
}

@article {paton93,
    AUTHOR = {Long, Darren D. and Paton, Mark},
    DOI = {10.1016/0040-9383(93)90030-Y},
    FJOURNAL = {Topology. An International Journal of Mathematics},
    ISSN = {0040-9383},
    JOURNAL = {Topology},
    MRCLASS = {20F36 (57M05 57M07)},
    MRNUMBER = {1217079},
    MRREVIEWER = {Athanase Papadopoulos},
    NUMBER = {2},
    PAGES = {439--447},
    TITLE = {The {B}urau representation is not faithful for {$n\geq 6$}},
    URL = {https://doi.org/10.1016/0040-9383(93)90030-Y},
    VOLUME = {32},
    YEAR = {1993},
}

@incollection {rolfsen93,
    AUTHOR = {Rolfsen, Dale},
    BOOKTITLE = {Topics in knot theory ({E}rzurum, 1992)},
    DOI = {10.1098/rspa.1985.0055},
    MRCLASS = {57M25},
    MRNUMBER = {1257910},
    PAGES = {195--210},
    PUBLISHER = {Kluwer Acad. Publ., Dordrecht},
    SERIES = {NATO Adv. Sci. Inst. Ser. C Math. Phys. Sci.},
    TITLE = {The quest for a knot with trivial {J}ones polynomial: diagram surgery and the {T}emperley-{L}ieb algebra},
    URL = {https://doi.org/10.1098/rspa.1985.0055},
    VOLUME = {399},
    YEAR = {1993},
}

@book {adams94,
    AUTHOR = {Adams, Colin C.},
    ISBN = {0-7167-2393-X},
    MRCLASS = {57M25 (57M15 57M50 57Q45)},
    MRNUMBER = {1266837},
    MRREVIEWER = {Marko Kranjc},
    NOTE = {An elementary introduction to the mathematical theory of knots},
    PAGES = {xiv+306},
    PUBLISHER = {W. H. Freeman and Company, New York},
    TITLE = {The knot book},
    YEAR = {1994},
}

@article {adams994,
    AUTHOR = {Adams, Colin C.},
    DOI = {10.1016/0040-9383(94)90017-5},
    FJOURNAL = {Topology. An International Journal of Mathematics},
    ISSN = {0040-9383},
    JOURNAL = {Topology},
    MRCLASS = {57M25},
    MRNUMBER = {1273788},
    MRREVIEWER = {Mark E. Kidwell},
    NUMBER = {2},
    PAGES = {353--369},
    TITLE = {Toroidally alternating knots and links},
    URL = {https://doi.org/10.1016/0040-9383(94)90017-5},
    VOLUME = {33},
    YEAR = {1994},
}

@article {bernhard94,
    AUTHOR = {Bernhard, James A.},
    DOI = {10.1142/S0218216594000022},
    FJOURNAL = {Journal of Knot Theory and its Ramifications},
    ISSN = {0218-2165},
    JOURNAL = {J. Knot Theory Ramifications},
    MRCLASS = {57M25},
    MRNUMBER = {1265448},
    MRREVIEWER = {Patrick Gilmer},
    NUMBER = {1},
    PAGES = {1--5},
    TITLE = {Unknotting numbers and minimal knot diagrams},
    URL = {https://doi.org/10.1142/S0218216594000022},
    VOLUME = {3},
    YEAR = {1994},
}

@article {bogle94,
    AUTHOR = {Bogle, Miles G. V. and Hearst, John E. and Jones, Vaughan F. R. and Stoilov, Luben},
    DOI = {10.1142/S0218216594000095},
    FJOURNAL = {Journal of Knot Theory and its Ramifications},
    ISSN = {0218-2165},
    JOURNAL = {J. Knot Theory Ramifications},
    MRCLASS = {57M25},
    MRNUMBER = {1279916},
    MRREVIEWER = {J. S. Birman},
    NUMBER = {2},
    PAGES = {121--140},
    TITLE = {Lissajous knots},
    URL = {https://doi.org/10.1142/S0218216594000095},
    VOLUME = {3},
    YEAR = {1994},
}

@incollection {chmutov94,
    AUTHOR = {Chmutov, Sergei V. and Duzhin, Sergei V. and Lando, Sergei K.},
    BOOKTITLE = {Singularities and bifurcations},
    MRCLASS = {57M25},
    MRNUMBER = {1310598},
    MRREVIEWER = {Simon Willerton},
    PAGES = {127--134},
    PUBLISHER = {Amer. Math. Soc., Providence, RI},
    SERIES = {Adv. Soviet Math.},
    TITLE = {Vassiliev knot invariants. {II}. {I}ntersection graph conjecture for trees},
    VOLUME = {21},
    YEAR = {1994},
}

@article {chmutovduzhin94,
    AUTHOR = {Chmutov, Sergei V. and Duzhin, Sergei V.},
    DOI = {10.1142/S0218216594000101},
    FJOURNAL = {Journal of Knot Theory and its Ramifications},
    ISSN = {0218-2165},
    JOURNAL = {J. Knot Theory Ramifications},
    MRCLASS = {57M25},
    MRNUMBER = {1279917},
    MRREVIEWER = {Simon Willerton},
    NUMBER = {2},
    PAGES = {141--151},
    TITLE = {An upper bound for the number of {V}assiliev knot invariants},
    URL = {https://doi.org/10.1142/S0218216594000101},
    VOLUME = {3},
    YEAR = {1994},
}

@article {dehornoy94,
    AUTHOR = {Dehornoy, Patrick},
    DOI = {10.2307/2154598},
    FJOURNAL = {Transactions of the American Mathematical Society},
    ISSN = {0002-9947},
    JOURNAL = {Trans. Amer. Math. Soc.},
    MRCLASS = {08A50 (20F36)},
    MRNUMBER = {1214782},
    MRREVIEWER = {Robert G. Burns},
    NUMBER = {1},
    PAGES = {115--150},
    TITLE = {Braid groups and left distributive operations},
    URL = {https://doi.org/10.2307/2154598},
    VOLUME = {345},
    YEAR = {1994},
}

@incollection {duzhin94,
    AUTHOR = {Chmutov, Sergei V. and Duzhin, Sergei V. and Lando, Sergei K.},
    BOOKTITLE = {Singularities and bifurcations},
    MRCLASS = {57M25},
    MRNUMBER = {1310599},
    MRREVIEWER = {Simon Willerton},
    PAGES = {135--145},
    PUBLISHER = {Amer. Math. Soc., Providence, RI},
    SERIES = {Adv. Soviet Math.},
    TITLE = {Vassiliev knot invariants. {III}. {F}orest algebra and weighted graphs},
    VOLUME = {21},
    YEAR = {1994},
}

@article {kawauchi94,
    AUTHOR = {Kawauchi, Akio},
    FJOURNAL = {Kobe Journal of Mathematics},
    ISSN = {0289-9051},
    JOURNAL = {Kobe J. Math.},
    MRCLASS = {57M25},
    MRNUMBER = {1309992},
    MRREVIEWER = {Wilbur Whitten},
    NUMBER = {1},
    PAGES = {49--68},
    TITLE = {On coefficient polynomials of the skein polynomial of an oriented link},
    VOLUME = {11},
    YEAR = {1994},
}

@article {masbaum94,
    AUTHOR = {Masbaum, Gregor and Vogel, Pierre},
    FJOURNAL = {Pacific Journal of Mathematics},
    ISSN = {0030-8730},
    JOURNAL = {Pacific J. Math.},
    MRCLASS = {57M15 (05C10 57M25)},
    MRNUMBER = {1272656},
    MRREVIEWER = {Thang T. Q. Le},
    NUMBER = {2},
    PAGES = {361--381},
    TITLE = {{$3$}-valent graphs and the {K}auffman bracket},
    URL = {http://projecteuclid.org/euclid.pjm/1102622100},
    VOLUME = {164},
    YEAR = {1994},
}

@article {rong94,
    AUTHOR = {Rong, Yongwu},
    DOI = {10.1016/0040-9383(94)90025-6},
    FJOURNAL = {Topology. An International Journal of Mathematics},
    ISSN = {0040-9383},
    JOURNAL = {Topology},
    MRCLASS = {57M25},
    MRNUMBER = {1286928},
    MRREVIEWER = {Louis H. Kauffman},
    NUMBER = {3},
    PAGES = {499--507},
    TITLE = {Mutation and {W}itten invariants},
    URL = {https://doi.org/10.1016/0040-9383(94)90025-6},
    VOLUME = {33},
    YEAR = {1994},
}

@article {barnatan95,
    AUTHOR = {Bar-Natan, Dror},
    DOI = {10.4310/MRL.1995.v2.n3.a1},
    FJOURNAL = {Mathematical Research Letters},
    ISSN = {1073-2780},
    JOURNAL = {Math. Res. Lett.},
    MRCLASS = {57M25},
    MRNUMBER = {1338783},
    MRREVIEWER = {Sergei K. Lando},
    NUMBER = {3},
    PAGES = {239--246},
    TITLE = {Polynomial invariants are polynomial},
    URL = {https://doi.org/10.4310/MRL.1995.v2.n3.a1},
    VOLUME = {2},
    YEAR = {1995},
}

@article {barnatan_95,
    AUTHOR = {Bar-Natan, Dror},
    DOI = {10.1016/0040-9383(95)93237-2},
    FJOURNAL = {Topology. An International Journal of Mathematics},
    ISSN = {0040-9383},
    JOURNAL = {Topology},
    MRCLASS = {57M25},
    MRNUMBER = {1318886},
    MRREVIEWER = {Simon Willerton},
    NUMBER = {2},
    PAGES = {423--472},
    TITLE = {On the {V}assiliev knot invariants},
    URL = {https://doi.org/10.1016/0040-9383(95)93237-2},
    VOLUME = {34},
    YEAR = {1995},
}

@article {barnatandror95,
    AUTHOR = {Bar-Natan, Dror},
    DOI = {10.1142/S021821659500003X},
    FJOURNAL = {Journal of Knot Theory and its Ramifications},
    ISSN = {0218-2165},
    JOURNAL = {J. Knot Theory Ramifications},
    MRCLASS = {57M25},
    MRNUMBER = {1321289},
    MRREVIEWER = {Serguei Piunikhin},
    NUMBER = {1},
    PAGES = {13--32},
    TITLE = {Vassiliev homotopy string link invariants},
    URL = {https://doi.org/10.1142/S021821659500003X},
    VOLUME = {4},
    YEAR = {1995},
}

@article {kronheimer95,
    AUTHOR = {Kronheimer, Peter B. and Mrowka, Tomasz S.},
    DOI = {10.1016/0040-9383(94)E0003-3},
    FJOURNAL = {Topology. An International Journal of Mathematics},
    ISSN = {0040-9383},
    JOURNAL = {Topology},
    MRCLASS = {57R57 (14D20 57N13 57R40 58D29)},
    MRNUMBER = {1308489},
    MRREVIEWER = {Stefan A. Bauer},
    NUMBER = {1},
    PAGES = {37--97},
    TITLE = {Gauge theory for embedded surfaces. {II}},
    URL = {https://doi.org/10.1016/0040-9383(94)E0003-3},
    VOLUME = {34},
    YEAR = {1995},
}

@article {melvin95,
    AUTHOR = {Melvin, Paul M. and Morton, Hugh R.},
    FJOURNAL = {Communications in Mathematical Physics},
    ISSN = {0010-3616},
    JOURNAL = {Comm. Math. Phys.},
    MRCLASS = {57M25},
    MRNUMBER = {1328734},
    MRREVIEWER = {Gretchen Wright},
    NUMBER = {3},
    PAGES = {501--520},
    TITLE = {The coloured {J}ones function},
    URL = {http://projecteuclid.org/euclid.cmp/1104272852},
    VOLUME = {169},
    YEAR = {1995},
}

@article {ohyama95,
    AUTHOR = {Ohyama, Yoshiyuki},
    DOI = {10.2307/2160638},
    FJOURNAL = {Proceedings of the American Mathematical Society},
    ISSN = {0002-9939},
    JOURNAL = {Proc. Amer. Math. Soc.},
    MRCLASS = {57M25},
    MRNUMBER = {1234630},
    MRREVIEWER = {Xiao-Song Lin},
    NUMBER = {1},
    PAGES = {287--291},
    TITLE = {Vassiliev invariants and similarity of knots},
    URL = {https://doi.org/10.2307/2160638},
    VOLUME = {123},
    YEAR = {1995},
}

@article {cromwell96,
    AUTHOR = {Morton, Hugh R. and Cromwell, Peter R.},
    DOI = {10.1142/S0218216596000163},
    FJOURNAL = {Journal of Knot Theory and its Ramifications},
    ISSN = {0218-2165},
    JOURNAL = {J. Knot Theory Ramifications},
    MRCLASS = {57M25},
    MRNUMBER = {1395780},
    MRREVIEWER = {Sergei K. Lando},
    NUMBER = {2},
    PAGES = {225--238},
    TITLE = {Distinguishing mutants by knot polynomials},
    URL = {https://doi.org/10.1142/S0218216596000163},
    VOLUME = {5},
    YEAR = {1996},
}

@misc {duzhin96,
    AUTHOR = {Chmutov, Sergei V.},
    TITLE = {A quadratic lower bound for the number of primitive {V}assiliev invariants},
    YEAR = {1996},
}

@book {kawauchi96,
    AUTHOR = {Kawauchi, Akio},
    ISBN = {3-7643-5124-1},
    MRCLASS = {57M25},
    MRNUMBER = {1417494},
    MRREVIEWER = {Sergei K. Lando},
    NOTE = {Translated and revised from the 1990 Japanese original by the author},
    PAGES = {xxii+420},
    PUBLISHER = {Birkh\"auser Verlag, Basel},
    TITLE = {A survey of knot theory},
    YEAR = {1996},
}

@article {kobayashi96,
    AUTHOR = {Kobayashi, Masako and Kobayashi, Tsuyoshi},
    DOI = {10.1142/S0218216596000060},
    FJOURNAL = {Journal of Knot Theory and its Ramifications},
    ISSN = {0218-2165},
    JOURNAL = {J. Knot Theory Ramifications},
    MRCLASS = {57M25},
    MRNUMBER = {1373811},
    MRREVIEWER = {Yoav Moriah},
    NUMBER = {1},
    PAGES = {77--85},
    TITLE = {On canonical genus and free genus of knot},
    URL = {https://doi.org/10.1142/S0218216596000060},
    VOLUME = {5},
    YEAR = {1996},
}

@book {murasugi96,
    AUTHOR = {Murasugi, Kunio},
    ISBN = {0-8176-3817-2},
    MRCLASS = {57M25},
    MRNUMBER = {1391727},
    MRREVIEWER = {Louis H. Kauffman},
    NOTE = {Translated from the 1993 Japanese original by Bohdan Kurpita},
    PAGES = {viii+341},
    PUBLISHER = {Birkh\"auser Boston, Inc., Boston, MA},
    TITLE = {Knot theory and its applications},
    YEAR = {1996},
}

@article {nakanishi96,
    AUTHOR = {Nakanishi, Yasutaka},
    DOI = {10.1090/S0002-9939-96-03453-3},
    FJOURNAL = {Proceedings of the American Mathematical Society},
    ISSN = {0002-9939},
    JOURNAL = {Proc. Amer. Math. Soc.},
    MRCLASS = {57M25},
    MRNUMBER = {1342035},
    MRREVIEWER = {Roger Fenn},
    NUMBER = {5},
    PAGES = {1625--1631},
    TITLE = {Union and tangle},
    URL = {https://doi.org/10.1090/S0002-9939-96-03453-3},
    VOLUME = {124},
    YEAR = {1996},
}

@article {stanford96,
    AUTHOR = {Stanford, Ted},
    FJOURNAL = {Pacific Journal of Mathematics},
    ISSN = {0030-8730},
    JOURNAL = {Pacific J. Math.},
    MRCLASS = {57M25 (20F36)},
    MRNUMBER = {1398378},
    MRREVIEWER = {Katura Miyazaki},
    NUMBER = {1},
    PAGES = {269--276},
    TITLE = {Braid commutators and {V}assiliev invariants},
    URL = {http://projecteuclid.org/euclid.pjm/1102365368},
    VOLUME = {174},
    YEAR = {1996},
}

@article {wang96,
    AUTHOR = {Lin, Xiao-Song and Wang, Zhenghan},
    FJOURNAL = {Journal of Differential Geometry},
    ISSN = {0022-040X},
    JOURNAL = {J. Differential Geom.},
    MRCLASS = {57M25 (52A22 53A04)},
    MRNUMBER = {1420350},
    MRREVIEWER = {Thang T. Q. Le},
    NUMBER = {1},
    PAGES = {74--95},
    TITLE = {Integral geometry of plane curves and knot invariants},
    URL = {http://projecteuclid.org/euclid.jdg/1214458740},
    VOLUME = {44},
    YEAR = {1996},
}

@article {greilsheimer97,
    AUTHOR = {Adams, Colin C. and Brennan, Bevin M. and Greilsheimer, Deborah L. and Woo, Alexander K.},
    DOI = {10.1142/S0218216597000121},
    FJOURNAL = {Journal of Knot Theory and its Ramifications},
    ISSN = {0218-2165},
    JOURNAL = {J. Knot Theory Ramifications},
    MRCLASS = {57M25},
    MRNUMBER = {1452436},
    MRREVIEWER = {Thang T. Q. Le},
    NUMBER = {2},
    PAGES = {149--161},
    TITLE = {Stick numbers and composition of knots and links},
    URL = {https://doi.org/10.1142/S0218216597000121},
    VOLUME = {6},
    YEAR = {1997},
}

@article {jin97,
    AUTHOR = {Jin, Gyo T.},
    DOI = {10.1142/S0218216597000170},
    FJOURNAL = {Journal of Knot Theory and its Ramifications},
    ISSN = {0218-2165},
    JOURNAL = {J. Knot Theory Ramifications},
    MRCLASS = {57M25},
    MRNUMBER = {1452441},
    MRREVIEWER = {Daniel Matignon},
    NUMBER = {2},
    PAGES = {281--289},
    TITLE = {Polygon indices and superbridge indices of torus knots and links},
    URL = {https://doi.org/10.1142/S0218216597000170},
    VOLUME = {6},
    YEAR = {1997},
}

@article {kauffman97,
    AUTHOR = {Goldman, Jay R. and Kauffman, Louis H.},
    DOI = {10.1006/aama.1996.0511},
    FJOURNAL = {Adv. in Appl. Math.},
    ISSN = {0196-8858},
    JOURNAL = {Advances in Applied Mathematics},
    MRCLASS = {57M25},
    MRNUMBER = {1436484},
    NUMBER = {3},
    PAGES = {300--332},
    TITLE = {Rational tangles},
    URL = {http://dx.doi.org/10.1006/aama.1996.0511},
    VOLUME = {18},
    YEAR = {1997},
}

@misc {kneissler97,
    ARCHIVEPREFIX = {arXiv},
    AUTHOR = {Kneissler, Jan A.},
    EPRINT = {q-alg/9706022},
    PRIMARYCLASS = {q-alg},
    TITLE = {The number of primitive Vassiliev invariants up to degree 12},
    YEAR = {1997},
}

@article {lackenby97,
    AUTHOR = {Lackenby, Marc},
    DOI = {10.1007/s002080050093},
    FJOURNAL = {Mathematische Annalen},
    ISSN = {0025-5831},
    JOURNAL = {Math. Ann.},
    MRCLASS = {57N10 (57M25)},
    MRNUMBER = {1464913},
    MRREVIEWER = {Torsten Asselmeyer-Maluga},
    NUMBER = {4},
    PAGES = {615--632},
    TITLE = {Surfaces, surgery and unknotting operations},
    URL = {https://doi.org/10.1007/s002080050093},
    VOLUME = {308},
    YEAR = {1997},
}

@incollection {lambropoulou97,
    AUTHOR = {Lambropoulou, Sofia and Rourke, Colin P.},
    BOOKTITLE = {Special issue on braid groups and related topics (Jerusalem, 1995)},
    DOI = {10.1016/S0166-8641(96)00151-4},
    FJOURNAL = {Topology and its Applications},
    ISSN = {0166-8641},
    JOURNAL = {Topology Appl.},
    MRCLASS = {57M25 (57N10)},
    MRNUMBER = {1465027},
    NUMBER = {1-2},
    PAGES = {95--122},
    PUBLISHER = {Elsevier Science B.V., Amsterdam},
    TITLE = {Markov's theorem in {$3$}-manifolds},
    URL = {https://doi.org/10.1016/S0166-8641(96)00151-4},
    VOLUME = {78},
    YEAR = {1997},
}

@article {lamm97,
    AUTHOR = {Lamm, Christoph},
    DOI = {10.1007/BF02677455},
    FJOURNAL = {Manuscripta Mathematica},
    ISSN = {0025-2611},
    JOURNAL = {Manuscripta Math.},
    MRCLASS = {57M25},
    MRNUMBER = {1446188},
    MRREVIEWER = {Jonathan A. Hillman},
    NUMBER = {1},
    PAGES = {29--37},
    TITLE = {There are infinitely many {L}issajous knots},
    URL = {https://doi.org/10.1007/BF02677455},
    VOLUME = {93},
    YEAR = {1997},
}

@book {lickorish97,
    AUTHOR = {Lickorish, William B. R.},
    DOI = {10.1007/978-1-4612-0691-0},
    ISBN = {0-387-98254-X},
    MRCLASS = {57M25 (57N10)},
    MRNUMBER = {1472978},
    MRREVIEWER = {Darryl McCullough},
    PAGES = {x+201},
    PUBLISHER = {Springer-Verlag, New York},
    SERIES = {Graduate Texts in Mathematics},
    TITLE = {An introduction to knot theory},
    URL = {https://doi.org/10.1007/978-1-4612-0691-0},
    VOLUME = {175},
    YEAR = {1997},
}

@incollection {motegi97,
    AUTHOR = {Motegi, Kimihiko},
    BOOKTITLE = {Lectures at {KNOTS} '96 ({T}okyo)},
    MRCLASS = {57M25},
    MRNUMBER = {1474519},
    MRREVIEWER = {Sergej V. Matveev},
    PAGES = {73--93},
    PUBLISHER = {World Sci. Publ., River Edge, NJ},
    SERIES = {Ser. Knots Everything},
    TITLE = {Knot types of satellite knots and twisted knots},
    URL = {https://doi.org/10.1142/9789812796097_0004},
    VOLUME = {15},
    YEAR = {1997},
}

@book {prasolov97,
    AUTHOR = {Prasolov, Victor V. and Sossinsky, Alexei B.},
    DOI = {10.1090/mmono/154},
    ISBN = {0-8218-0588-6},
    MRCLASS = {57M25 (57M12 57N10)},
    MRNUMBER = {1414898},
    MRREVIEWER = {Joanna Kania-Bartoszynska},
    NOTE = {An introduction to the new invariants in low-dimensional topology, Translated from the Russian manuscript by Sossinsky [Sosinski\u{\i}]},
    PAGES = {viii+239},
    PUBLISHER = {American Mathematical Society, Providence, RI},
    SERIES = {Translations of Mathematical Monographs},
    TITLE = {Knots, links, braids and 3-manifolds},
    URL = {https://doi.org/10.1090/mmono/154},
    VOLUME = {154},
    YEAR = {1997},
}

@book {thurston97,
    AUTHOR = {Thurston, William P.},
    ISBN = {0-691-08304-5},
    MRCLASS = {57M50 (53A35 57M25 57M60 57N10)},
    MRNUMBER = {1435975},
    MRREVIEWER = {Athanase Papadopoulos},
    NOTE = {Edited by Silvio Levy},
    PAGES = {x+311},
    PUBLISHER = {Princeton University Press, Princeton, NJ},
    SERIES = {Princeton Mathematical Series},
    TITLE = {Three-dimensional geometry and topology. {V}ol. 1},
    VOLUME = {35},
    YEAR = {1997},
}

@article {varchenko97,
    AUTHOR = {Chmutov, Sergei V. and Varchenko, Alexander N.},
    DOI = {10.1016/0040-9383(95)00071-2},
    FJOURNAL = {Topology. An International Journal of Mathematics},
    ISSN = {0040-9383},
    JOURNAL = {Topology},
    MRCLASS = {57M25},
    MRNUMBER = {1410469},
    MRREVIEWER = {J. S. Birman},
    NUMBER = {1},
    PAGES = {153--178},
    TITLE = {Remarks on the {V}assiliev knot invariants coming from {${\rm sl}_2$}},
    URL = {https://doi.org/10.1016/0040-9383(95)00071-2},
    VOLUME = {36},
    YEAR = {1997},
}

@misc {cerf98,
    AUTHOR = {Cerf, Corinne},
    TITLE = {Atlas of oriented knots and links},
    YEAR = {1998},
}

@article {jablan98,
    AUTHOR = {Jablan, Slavik V.},
    FJOURNAL = {Univerzitet u Ni\v{s}u. Prirodno-Matemati\v{c}ki Fakultet. Filomat},
    ISSN = {0354-5180},
    JOURNAL = {Filomat},
    MRCLASS = {57M27},
    MRNUMBER = {1698290},
    MRREVIEWER = {Martin J. Bridgeman},
    NUMBER = {12, part 1},
    PAGES = {113--120},
    TITLE = {Unknotting number and {$\infty$}-unknotting number of a knot},
    YEAR = {1998},
}

@incollection {jones98,
    AUTHOR = {Jones, Vaughan F. R. and Przytycki, J\'{o}zef H.},
    BOOKTITLE = {Knot theory ({W}arsaw, 1995)},
    MRCLASS = {57M25},
    MRNUMBER = {1634454},
    MRREVIEWER = {Robert Ghrist},
    PAGES = {145--163},
    PUBLISHER = {Polish Acad. Sci. Inst. Math., Warsaw},
    SERIES = {Banach Center Publ.},
    TITLE = {Lissajous knots and billiard knots},
    VOLUME = {42},
    YEAR = {1998},
}

@article {mccabe98,
    AUTHOR = {McCabe, Cynthia L.},
    DOI = {10.1142/S0218216598000401},
    FJOURNAL = {Journal of Knot Theory and its Ramifications},
    ISSN = {0218-2165},
    JOURNAL = {J. Knot Theory Ramifications},
    MRCLASS = {57M25},
    MRNUMBER = {1643867},
    MRREVIEWER = {Lorenzo Traldi},
    NUMBER = {6},
    PAGES = {797--805},
    TITLE = {An upper bound on edge numbers of {$2$}-bridge knots and links},
    URL = {https://doi.org/10.1142/S0218216598000401},
    VOLUME = {7},
    YEAR = {1998},
}

@article {miyazawa98,
    AUTHOR = {Miyazawa, Yasuyuki},
    DOI = {10.1016/S0166-8641(97)00107-7},
    FJOURNAL = {Topology and its Applications},
    ISSN = {0166-8641},
    JOURNAL = {Topology Appl.},
    MRCLASS = {57M25},
    MRNUMBER = {1606374},
    MRREVIEWER = {Mark R. Woodard},
    NUMBER = {3},
    PAGES = {161--167},
    TITLE = {The {J}ones polynomial of an unknotting number one knot},
    URL = {https://doi.org/10.1016/S0166-8641(97)00107-7},
    VOLUME = {83},
    YEAR = {1998},
}

@article {ng98,
    AUTHOR = {Ng, Ka Y.},
    DOI = {10.1016/S0040-9383(97)00037-2},
    FJOURNAL = {Topology. An International Journal of Mathematics},
    ISSN = {0040-9383},
    JOURNAL = {Topology},
    MRCLASS = {57M25},
    MRNUMBER = {1489214},
    MRREVIEWER = {Olivier Collin},
    NUMBER = {2},
    PAGES = {441--458},
    TITLE = {Groups of ribbon knots},
    URL = {https://doi.org/10.1016/S0040-9383(97)00037-2},
    VOLUME = {37},
    YEAR = {1998},
}

@incollection {przytycki98,
    AUTHOR = {Przytycki, J\'{o}zef H.},
    BOOKTITLE = {Knot theory ({W}arsaw, 1995)},
    MRCLASS = {57M25},
    MRNUMBER = {1634462},
    PAGES = {275--295},
    PUBLISHER = {Polish Acad. Sci. Inst. Math., Warsaw},
    SERIES = {Banach Center Publ.},
    TITLE = {{$3$}-coloring and other elementary invariants of knots},
    VOLUME = {42},
    YEAR = {1998},
}

@incollection {randell98,
    AUTHOR = {Randell, Richard},
    BOOKTITLE = {Knot theory ({W}arsaw, 1995)},
    MRCLASS = {57M25},
    MRNUMBER = {1634464},
    PAGES = {307--319},
    PUBLISHER = {Polish Acad. Sci. Inst. Math., Warsaw},
    SERIES = {Banach Center Publ.},
    TITLE = {Invariants of piecewise-linear knots},
    VOLUME = {42},
    YEAR = {1998},
}

@incollection {scharlemann98,
    AUTHOR = {Scharlemann, Martin G.},
    BOOKTITLE = {Knot theory and its applications},
    DOI = {10.1016/S0960-0779(97)00105-7},
    FJOURNAL = {Chaos, Solitons \& Fractals},
    ISSN = {0960-0779},
    JOURNAL = {Chaos Solitons Fractals},
    MRCLASS = {57M25},
    MRNUMBER = {1628751},
    NUMBER = {4-5},
    PAGES = {693--704},
    PUBLISHER = {Elsevier Ltd, Oxford},
    TITLE = {Crossing changes},
    URL = {https://doi.org/10.1016/S0960-0779(97)00105-7},
    VOLUME = {9},
    YEAR = {1998},
}

@article {stoimenow98,
    AUTHOR = {Stoimenow, Alexander},
    DOI = {10.1142/S0218216598000073},
    FJOURNAL = {Journal of Knot Theory and its Ramifications},
    ISSN = {0218-2165},
    JOURNAL = {J. Knot Theory Ramifications},
    MRCLASS = {57M25 (05A16)},
    MRNUMBER = {1611987},
    MRREVIEWER = {Carlo Petronio},
    NUMBER = {1},
    PAGES = {93--114},
    TITLE = {Enumeration of chord diagrams and an upper bound for {V}assiliev invariants},
    URL = {https://doi.org/10.1142/S0218216598000073},
    VOLUME = {7},
    YEAR = {1998},
}

@article {sundberg98,
    AUTHOR = {Sundberg, Carl and Thistlethwaite, Morwen B.},
    DOI = {10.2140/pjm.1998.182.329},
    FJOURNAL = {Pacific Journal of Mathematics},
    ISSN = {0030-8730},
    JOURNAL = {Pacific J. Math.},
    MRCLASS = {57M25 (05A16)},
    MRNUMBER = {1609591},
    MRREVIEWER = {Stephen P. Humphries},
    NUMBER = {2},
    PAGES = {329--358},
    TITLE = {The rate of growth of the number of prime alternating links and tangles},
    URL = {https://doi.org/10.2140/pjm.1998.182.329},
    VOLUME = {182},
    YEAR = {1998},
}

@article {thistlethwaite98,
    AUTHOR = {Hoste, Jim and Thistlethwaite, Morwen B. and Weeks, Jeff},
    DOI = {10.1007/BF03025227},
    FJOURNAL = {The Mathematical Intelligencer},
    ISSN = {0343-6993},
    JOURNAL = {Math. Intelligencer},
    MRCLASS = {57M25},
    MRNUMBER = {1646740},
    MRREVIEWER = {C. Kearton},
    NUMBER = {4},
    PAGES = {33--48},
    TITLE = {The first 1,701,936 knots},
    URL = {https://doi.org/10.1007/BF03025227},
    VOLUME = {20},
    YEAR = {1998},
}

@incollection {traczyk98,
    AUTHOR = {Traczyk, Pawe\l{}},
    BOOKTITLE = {Knot theory ({W}arsaw, 1995)},
    MRCLASS = {57M25},
    MRNUMBER = {1634469},
    PAGES = {409--419},
    PUBLISHER = {Polish Acad. Sci. Inst. Math., Warsaw},
    SERIES = {Banach Center Publ.},
    TITLE = {A new proof of {M}arkov's braid theorem},
    VOLUME = {42},
    YEAR = {1998},
}

@article {bigelow99,
    AUTHOR = {Bigelow, Stephen J.},
    DOI = {10.2140/gt.1999.3.397},
    FJOURNAL = {Geometry and Topology},
    ISSN = {1465-3060},
    JOURNAL = {Geom. Topol.},
    MRCLASS = {20F36},
    MRNUMBER = {1725480},
    MRREVIEWER = {Darren D. Long},
    PAGES = {397--404},
    TITLE = {The {B}urau representation is not faithful for {$n=5$}},
    URL = {https://doi.org/10.2140/gt.1999.3.397},
    VOLUME = {3},
    YEAR = {1999},
}

@article {cooper99,
    AUTHOR = {Cooper, Daryl and Lickorish, William B. R.},
    DOI = {10.1090/S0002-9939-99-04871-6},
    FJOURNAL = {Proceedings of the American Mathematical Society},
    ISSN = {0002-9939},
    JOURNAL = {Proc. Amer. Math. Soc.},
    MRCLASS = {57M25},
    MRNUMBER = {1605940},
    MRREVIEWER = {Hugh Reynolds Morton},
    NUMBER = {1},
    PAGES = {309--314},
    TITLE = {Mutations of links in genus {$2$} handlebodies},
    URL = {https://doi.org/10.1090/S0002-9939-99-04871-6},
    VOLUME = {127},
    YEAR = {1999},
}

@article {duzhin99,
    AUTHOR = {Chmutov, Sergei V. and Duzhin, Sergei V.},
    DOI = {10.1016/S0166-8641(97)00249-6},
    FJOURNAL = {Topology and its Applications},
    ISSN = {0166-8641},
    JOURNAL = {Topology Appl.},
    MRCLASS = {57M27},
    MRNUMBER = {1674810},
    MRREVIEWER = {Thang T. Q. Le},
    NUMBER = {3},
    PAGES = {201--223},
    TITLE = {A lower bound for the number of {V}assiliev knot invariants},
    URL = {https://doi.org/10.1016/S0166-8641(97)00249-6},
    VOLUME = {92},
    YEAR = {1999},
}

@article {fenn99,
    AUTHOR = {Fenn, Roger and Greene, Michael T. and Rolfsen, Dale and Rourke, Colin P. and Wiest, Bertold},
    DOI = {10.2140/pjm.1999.191.49},
    FJOURNAL = {Pacific Journal of Mathematics},
    ISSN = {0030-8730},
    JOURNAL = {Pacific J. Math.},
    MRCLASS = {20F36 (57M07)},
    MRNUMBER = {1725462},
    MRREVIEWER = {Darren D. Long},
    NUMBER = {1},
    PAGES = {49--74},
    TITLE = {Ordering the braid groups},
    URL = {https://doi.org/10.2140/pjm.1999.191.49},
    VOLUME = {191},
    YEAR = {1999},
}

@article {fukuhama99,
    AUTHOR = {Fukuhama, Satoshi and Ozawa, Makoto and Teragaito, Masakazu},
    DOI = {10.1142/S0218216599000559},
    FJOURNAL = {Journal of Knot Theory and its Ramifications},
    ISSN = {0218-2165},
    JOURNAL = {J. Knot Theory Ramifications},
    MRCLASS = {57M25},
    MRNUMBER = {1714299},
    MRREVIEWER = {Yuanan Diao},
    NUMBER = {7},
    PAGES = {879--885},
    TITLE = {Genus one, three-bridge knots are pretzel},
    URL = {https://doi.org/10.1142/S0218216599000559},
    VOLUME = {8},
    YEAR = {1999},
}

@misc {murakami99,
    AUTHOR = {Murakami, Jun},
    TITLE = {Finite type invariants detecting the mutant knots},
    YEAR = {1999},
}

@article {ruberman99,
    AUTHOR = {Ruberman, Daniel},
    DOI = {10.1007/s000140050108},
    FJOURNAL = {Commentarii Mathematici Helvetici},
    ISSN = {0010-2571},
    JOURNAL = {Comment. Math. Helv.},
    MRCLASS = {57R58 (57M27)},
    MRNUMBER = {1730660},
    MRREVIEWER = {Yongwu Rong},
    NUMBER = {4},
    PAGES = {615--641},
    TITLE = {Mutation and gauge theory. {I}. {Y}ang-{M}ills invariants},
    URL = {https://doi.org/10.1007/s000140050108},
    VOLUME = {74},
    YEAR = {1999},
}

@incollection {traczyk99,
    AUTHOR = {Traczyk, Pawe\l{}},
    BOOKTITLE = {Low-dimensional topology ({F}unchal, 1998)},
    DOI = {10.1090/conm/233/03431},
    MRCLASS = {57M25},
    MRNUMBER = {1701685},
    PAGES = {215--220},
    PUBLISHER = {Amer. Math. Soc., Providence, RI},
    SERIES = {Contemp. Math.},
    TITLE = {A criterion for signed unknotting number},
    URL = {https://doi.org/10.1090/conm/233/03431},
    VOLUME = {233},
    YEAR = {1999},
}

@article {bollobas00,
    AUTHOR = {Bollob\'{a}s, B\'{e}la and Riordan, Oliver},
    DOI = {10.1142/S0218216500000475},
    FJOURNAL = {Journal of Knot Theory and its Ramifications},
    ISSN = {0218-2165},
    JOURNAL = {J. Knot Theory Ramifications},
    MRCLASS = {57M27},
    MRNUMBER = {1780590},
    MRREVIEWER = {Carlo Petronio},
    NUMBER = {7},
    PAGES = {847--853},
    TITLE = {Linearized chord diagrams and an upper bound for {V}assiliev invariants},
    URL = {https://doi.org/10.1142/S0218216500000475},
    VOLUME = {9},
    YEAR = {2000},
}

@article {dasbach00,
    AUTHOR = {Dasbach, Oliver T.},
    DOI = {10.1142/S0219199700000219},
    FJOURNAL = {Communications in Contemporary Mathematics},
    ISSN = {0219-1997},
    JOURNAL = {Commun. Contemp. Math.},
    MRCLASS = {57M27},
    MRNUMBER = {1806948},
    MRREVIEWER = {J. S. Birman},
    NUMBER = {4},
    PAGES = {579--590},
    TITLE = {On the combinatorial structure of primitive {V}assiliev invariants. {III}. {A} lower bound},
    URL = {https://doi.org/10.1142/S0219199700000219},
    VOLUME = {2},
    YEAR = {2000},
}

@article {khovanov00,
    AUTHOR = {Khovanov, Mikhail},
    DOI = {10.1215/S0012-7094-00-10131-7},
    FJOURNAL = {Duke Math. J.},
    ISSN = {0012-7094},
    JOURNAL = {Duke Mathematical Journal},
    MRCLASS = {57M27 (57R56)},
    MRNUMBER = {1740682},
    NUMBER = {3},
    PAGES = {359--426},
    TITLE = {A categorification of the {J}ones polynomial},
    URL = {http://dx.doi.org/10.1215/S0012-7094-00-10131-7},
    VOLUME = {101},
    YEAR = {2000},
}

@article {krammer00,
    AUTHOR = {Krammer, Daan},
    DOI = {10.1007/s002220000088},
    FJOURNAL = {Inventiones Mathematicae},
    ISSN = {0020-9910},
    JOURNAL = {Invent. Math.},
    MRCLASS = {20F36 (57M07)},
    MRNUMBER = {1804157},
    MRREVIEWER = {E. Formanek},
    NUMBER = {3},
    PAGES = {451--486},
    TITLE = {The braid group {$B_4$} is linear},
    URL = {https://doi.org/10.1007/s002220000088},
    VOLUME = {142},
    YEAR = {2000},
}

@article {stoimenow00,
    AUTHOR = {Stoimenow, Alexander},
    FJOURNAL = {Experimental Mathematics},
    ISSN = {1058-6458},
    JOURNAL = {Experiment. Math.},
    MRCLASS = {57M25},
    MRNUMBER = {1795879},
    MRREVIEWER = {Hans U. Boden},
    NUMBER = {3},
    PAGES = {473--478},
    TITLE = {Rational knots and a theorem of {K}anenobu},
    URL = {http://projecteuclid.org/euclid.em/1045604681},
    VOLUME = {9},
    YEAR = {2000},
}

@article {yasuhara00,
    AUTHOR = {Murakami, Hitoshi and Yasuhara, Akira},
    DOI = {10.1090/S0002-9939-00-05461-7},
    FJOURNAL = {Proceedings of the American Mathematical Society},
    ISSN = {0002-9939},
    JOURNAL = {Proc. Amer. Math. Soc.},
    MRCLASS = {57M25},
    MRNUMBER = {1690998},
    MRREVIEWER = {Jonathan A. Hillman},
    NUMBER = {12},
    PAGES = {3693--3699},
    TITLE = {Four-genus and four-dimensional clasp number of a knot},
    URL = {https://doi.org/10.1090/S0002-9939-00-05461-7},
    VOLUME = {128},
    YEAR = {2000},
}

@article {bigelow01,
    AUTHOR = {Bigelow, Stephen J.},
    DOI = {10.1090/S0894-0347-00-00361-1},
    FJOURNAL = {Journal of the American Mathematical Society},
    ISSN = {0894-0347},
    JOURNAL = {J. Amer. Math. Soc.},
    MRCLASS = {20F36 (57M07)},
    MRNUMBER = {1815219},
    MRREVIEWER = {Darryl McCullough},
    NUMBER = {2},
    PAGES = {471--486},
    TITLE = {Braid groups are linear},
    URL = {https://doi.org/10.1090/S0894-0347-00-00361-1},
    VOLUME = {14},
    YEAR = {2001},
}

@article {calvo01,
    AUTHOR = {Calvo, Jorge A.},
    DOI = {10.1142/S0218216501000834},
    FJOURNAL = {Journal of Knot Theory and its Ramifications},
    ISSN = {0218-2165},
    JOURNAL = {J. Knot Theory Ramifications},
    MRCLASS = {57M25 (57M27)},
    MRNUMBER = {1822491},
    MRREVIEWER = {Marko Kranjc},
    NOTE = {Knots in Hellas '98, Vol. 2 (Delphi)},
    NUMBER = {2},
    PAGES = {245--267},
    TITLE = {Geometric knot spaces and polygonal isotopy},
    URL = {https://doi.org/10.1142/S0218216501000834},
    VOLUME = {10},
    YEAR = {2001},
}

@article {cao01,
    AUTHOR = {Cao, Chun and Meyerhoff, Robert G.},
    DOI = {10.1007/s002220100167},
    FJOURNAL = {Inventiones Mathematicae},
    ISSN = {0020-9910},
    JOURNAL = {Invent. Math.},
    MRCLASS = {57M50 (57N10)},
    MRNUMBER = {1869847},
    MRREVIEWER = {Colin C. Adams},
    NUMBER = {3},
    PAGES = {451--478},
    TITLE = {The orientable cusped hyperbolic {$3$}-manifolds of minimum volume},
    URL = {https://doi.org/10.1007/s002220100167},
    VOLUME = {146},
    YEAR = {2001},
}

@article {ostlund01,
    AUTHOR = {\"Ostlund, Olof P.},
    DOI = {10.1142/S0218216501001402},
    FJOURNAL = {Journal of Knot Theory and its Ramifications},
    ISSN = {0218-2165},
    JOURNAL = {J. Knot Theory Ramifications},
    MRCLASS = {57M25 (57M27)},
    MRNUMBER = {1871226},
    MRREVIEWER = {Mark R. Woodard},
    NUMBER = {8},
    PAGES = {1215--1227},
    TITLE = {Invariants of knot diagrams and relations among {R}eidemeister moves},
    URL = {https://doi.org/10.1142/S0218216501001402},
    VOLUME = {10},
    YEAR = {2001},
}

@article {polyak01,
    AUTHOR = {Polyak, Michael and Viro, Oleg},
    DOI = {10.1142/S0218216501001116},
    FJOURNAL = {Journal of Knot Theory and its Ramifications},
    ISSN = {0218-2165},
    JOURNAL = {J. Knot Theory Ramifications},
    MRCLASS = {57M27},
    MRNUMBER = {1839698},
    MRREVIEWER = {Colin C. Adams},
    NOTE = {Knots in Hellas '98, Vol. 3 (Delphi)},
    NUMBER = {5},
    PAGES = {711--738},
    TITLE = {On the {C}asson knot invariant},
    URL = {https://doi.org/10.1142/S0218216501001116},
    VOLUME = {10},
    YEAR = {2001},
}

@article {stoimenow01,
    AUTHOR = {Stoimenow, Alexander},
    FJOURNAL = {Journal of the London Mathematical Society. Second Series},
    ISSN = {0024-6107},
    JOURNAL = {J. London Math. Soc. (2)},
    MRCLASS = {57M25 (57M12 57M27)},
    MRNUMBER = {1810143},
    MRREVIEWER = {Olivier Collin},
    NUMBER = {2},
    PAGES = {487--500},
    TITLE = {Some examples related to 4-genera, unknotting numbers and knot polynomials},
    URL = {https://doi.org/10.1017/S0024610700001897},
    VOLUME = {63},
    YEAR = {2001},
}

@article {stoimenow_01,
    AUTHOR = {Stoimenow, Alexander},
    DOI = {10.1142/S0218216501001141},
    FJOURNAL = {Journal of Knot Theory and its Ramifications},
    ISSN = {0218-2165},
    JOURNAL = {J. Knot Theory Ramifications},
    MRCLASS = {57M27},
    MRNUMBER = {1839701},
    MRREVIEWER = {Colin C. Adams},
    NOTE = {Knots in Hellas '98, Vol. 3 (Delphi)},
    NUMBER = {5},
    PAGES = {769--780},
    TITLE = {On finiteness of {V}assiliev invariants and a proof of the {L}in-{W}ang conjecture via braiding polynomials},
    URL = {https://doi.org/10.1142/S0218216501001141},
    VOLUME = {10},
    YEAR = {2001},
}

@article {zagier01,
    AUTHOR = {Zagier, Don},
    DOI = {10.1016/S0040-9383(00)00005-7},
    FJOURNAL = {Topology. An International Journal of Mathematics},
    ISSN = {0040-9383},
    JOURNAL = {Topology},
    MRCLASS = {11F23 (05A30 11F20 11F67 57M27)},
    MRNUMBER = {1860536},
    MRREVIEWER = {Alexander G. Stoimenow},
    NUMBER = {5},
    PAGES = {945--960},
    TITLE = {Vassiliev invariants and a strange identity related to the {D}edekind eta-function},
    URL = {https://doi.org/10.1016/S0040-9383(00)00005-7},
    VOLUME = {40},
    YEAR = {2001},
}

@article {barnatan02,
    AUTHOR = {Bar-Natan, Dror},
    DOI = {10.2140/agt.2002.2.337},
    FJOURNAL = {Algebraic \& Geometric Topology},
    ISSN = {1472-2747},
    JOURNAL = {Algebr. Geom. Topol.},
    MRCLASS = {57M27},
    MRNUMBER = {1917056},
    MRREVIEWER = {Jacob Andrew Rasmussen},
    PAGES = {337--370},
    TITLE = {On {K}hovanov's categorification of the {J}ones polynomial},
    URL = {https://doi.org/10.2140/agt.2002.2.337},
    VOLUME = {2},
    YEAR = {2002},
}

@article {birman02,
    AUTHOR = {Birman, Joan S. and Menasco, William W.},
    DOI = {10.1142/S0218216502001627},
    FJOURNAL = {Journal of Knot Theory and its Ramifications},
    ISSN = {0218-2165},
    JOURNAL = {J. Knot Theory Ramifications},
    MRCLASS = {57M25},
    MRNUMBER = {1905686},
    NOTE = {Knots 2000 Korea, Vol. 1 (Yongpyong)},
    NUMBER = {3},
    PAGES = {295--310},
    TITLE = {On {M}arkov's theorem},
    URL = {https://doi.org/10.1142/S0218216502001627},
    VOLUME = {11},
    YEAR = {2002},
}

@article {cantarella02,
    AUTHOR = {Cantarella, Jason and Kusner, Robert B. and Sullivan, John M.},
    DOI = {10.1007/s00222-002-0234-y},
    FJOURNAL = {Inventiones Mathematicae},
    ISSN = {0020-9910},
    JOURNAL = {Invent. Math.},
    MRCLASS = {58E10 (57M25)},
    MRNUMBER = {1933586},
    MRREVIEWER = {Yuanan Diao},
    NUMBER = {2},
    PAGES = {257--286},
    TITLE = {On the minimum ropelength of knots and links},
    URL = {https://doi.org/10.1007/s00222-002-0234-y},
    VOLUME = {150},
    YEAR = {2002},
}

@book {duzhin02,
    AUTHOR = {Duzhin, Sergei V.},
    PUBLISHER = {University of Tokyo Press},
    SERIES = {Lectures in mathematical sciences / The University of Tokio},
    TITLE = {Lectures on Vassiliev Knot Invariants},
    YEAR = {2002},
}

@book {hatcher02,
    AUTHOR = {Hatcher, Allen},
    ISBN = {0-521-79160-X; 0-521-79540-0},
    MRCLASS = {55-01 (55-00)},
    MRNUMBER = {1867354},
    MRREVIEWER = {Donald W. Kahn},
    PAGES = {xii+544},
    PUBLISHER = {Cambridge University Press, Cambridge},
    TITLE = {Algebraic topology},
    YEAR = {2002},
}

@article {ishikawa02,
    AUTHOR = {Gibson, William and Ishikawa, Masaharu},
    DOI = {10.1016/S0166-8641(01)00224-3},
    FJOURNAL = {Topology and its Applications},
    ISSN = {0166-8641},
    JOURNAL = {Topology Appl.},
    MRCLASS = {57M25},
    MRNUMBER = {1924054},
    MRREVIEWER = {Charles Livingston},
    NUMBER = {3},
    PAGES = {609--636},
    TITLE = {Links and {G}ordian numbers associated with generic immersions of intervals},
    URL = {https://doi.org/10.1016/S0166-8641(01)00224-3},
    VOLUME = {123},
    YEAR = {2002},
}

@article {krammer02,
    AUTHOR = {Krammer, Daan},
    DOI = {10.2307/3062152},
    FJOURNAL = {Annals of Mathematics. Second Series},
    ISSN = {0003-486X},
    JOURNAL = {Ann. of Math. (2)},
    MRCLASS = {20F36 (57M07)},
    MRNUMBER = {1888796},
    MRREVIEWER = {Luis Paris},
    NUMBER = {1},
    PAGES = {131--156},
    TITLE = {Braid groups are linear},
    URL = {https://doi.org/10.2307/3062152},
    VOLUME = {155},
    YEAR = {2002},
}

@article {manturov02,
    AUTHOR = {Manturov, Vassily O.},
    DOI = {10.1006/eujc.2001.0546},
    FJOURNAL = {European Journal of Combinatorics},
    ISSN = {0195-6698},
    JOURNAL = {European J. Combin.},
    MRCLASS = {57M25},
    MRNUMBER = {1881552},
    MRREVIEWER = {Colin C. Adams},
    NUMBER = {2},
    PAGES = {207--212},
    TITLE = {A combinatorial representation of links by quasitoric braids},
    URL = {https://doi.org/10.1006/eujc.2001.0546},
    VOLUME = {23},
    YEAR = {2002},
}

@incollection {ohtsuki02,
    AUTHOR = {Ohtsuki, Tomotada},
    BOOKTITLE = {Invariants of knots and 3-manifolds ({K}yoto, 2001)},
    DOI = {10.2140/gtm.2002.4},
    MRCLASS = {57M27 (00A07)},
    MRNUMBER = {2065029},
    MRREVIEWER = {Nikolai N. Saveliev},
    NOTE = {With an introduction by J. Roberts},
    PAGES = {i--iv, 377--572},
    PUBLISHER = {Geom. Topol. Publ., Coventry},
    SERIES = {Geom. Topol. Monogr.},
    TITLE = {Problems on invariants of knots and 3-manifolds},
    URL = {https://doi.org/10.2140/gtm.2002.4},
    VOLUME = {4},
    YEAR = {2002},
}

@misc {thurston02,
    AUTHOR = {Thurston, William P.},
    HOWPUBLISHED = {\url{http://library.msri.org/books/gt3m/}},
    NOTE = {wersja 1.1 z indeksem},
    TITLE = {{T}he {G}eometry and {T}opology of {T}hree-{M}anifolds},
    YEAR = {2002},
}

@article {tripp02,
    AUTHOR = {Tripp, James J.},
    DOI = {10.1142/S0218216502002219},
    FJOURNAL = {Journal of Knot Theory and its Ramifications},
    ISSN = {0218-2165},
    JOURNAL = {J. Knot Theory Ramifications},
    MRCLASS = {57M25},
    MRNUMBER = {1949777},
    MRREVIEWER = {Hitoshi Murakami},
    NUMBER = {8},
    PAGES = {1233--1242},
    TITLE = {The canonical genus of {W}hitehead doubles of a family torus knots},
    URL = {https://doi.org/10.1142/S0218216502002219},
    VOLUME = {11},
    YEAR = {2002},
}

@article {diao03,
    AUTHOR = {Diao, Yuanan},
    DOI = {10.1142/S0218216503002275},
    FJOURNAL = {Journal of Knot Theory and its Ramifications},
    ISSN = {0218-2165},
    JOURNAL = {J. Knot Theory Ramifications},
    MRCLASS = {57M25 (57M27 58E10)},
    MRNUMBER = {1953620},
    MRREVIEWER = {Arkady L. Kholodenko},
    NUMBER = {1},
    PAGES = {1--16},
    TITLE = {The lower bounds of the lengths of thick knots},
    URL = {https://doi.org/10.1142/S0218216503002275},
    VOLUME = {12},
    YEAR = {2003},
}

@article {eliahou03,
    AUTHOR = {Eliahou, Shalom and Kauffman, Louis H. and Thistlethwaite, Morwen B.},
    DOI = {10.1016/S0040-9383(02)00012-5},
    FJOURNAL = {Topology. An International Journal of Mathematics},
    ISSN = {0040-9383},
    JOURNAL = {Topology},
    MRCLASS = {57M27},
    MRNUMBER = {1928648},
    MRREVIEWER = {Wilbur Whitten},
    NUMBER = {1},
    PAGES = {155--169},
    TITLE = {Infinite families of links with trivial {J}ones polynomial},
    URL = {http://dx.doi.org/10.1016/S0040-9383(02)00012-5},
    VOLUME = {42},
    YEAR = {2003},
}

@misc {gruber03,
    ARCHIVEPREFIX = {arXiv},
    AUTHOR = {Gruber, Hermann},
    EPRINT = {math/0303273},
    PRIMARYCLASS = {math.GT},
    TITLE = {Estimates for the minimal crossing number},
    YEAR = {2003},
}

@article {ozsvath03,
    AUTHOR = {Ozsv\'{a}th, Peter and Szab\'{o}, Zolt\'{a}n},
    DOI = {10.2140/gt.2003.7.225},
    FJOURNAL = {Geometry and Topology},
    ISSN = {1465-3060},
    JOURNAL = {Geom. Topol.},
    MRCLASS = {57R58 (53D40 57M27)},
    MRNUMBER = {1988285},
    MRREVIEWER = {Jacob Andrew Rasmussen},
    PAGES = {225--254},
    TITLE = {Heegaard {F}loer homology and alternating knots},
    URL = {https://doi.org/10.2140/gt.2003.7.225},
    VOLUME = {7},
    YEAR = {2003},
}

@article {schultens03,
    AUTHOR = {Schultens, Jennifer},
    DOI = {10.1017/S0305004103006832},
    FJOURNAL = {Math. Proc. Cambridge Philos. Soc.},
    ISSN = {0305-0041},
    JOURNAL = {Mathematical Proceedings of the Cambridge Philosophical Society},
    MRCLASS = {57M25},
    MRNUMBER = {2018265},
    MRREVIEWER = {Genevieve S. Walsh},
    NUMBER = {3},
    PAGES = {539--544},
    TITLE = {Additivity of bridge numbers of knots},
    URL = {http://dx.doi.org/10.1017/S0305004103006832},
    VOLUME = {135},
    YEAR = {2003},
}

@article {stoimenow03,
    AUTHOR = {Stoimenow, Alexander},
    FJOURNAL = {Annali della Scuola Normale Superiore di Pisa. Classe di Scienze. Serie V},
    ISSN = {0391-173X},
    JOURNAL = {Ann. Sc. Norm. Super. Pisa Cl. Sci. (5)},
    MRCLASS = {57M27 (57M25)},
    MRNUMBER = {2004964},
    MRREVIEWER = {Jianyuan K. Zhong},
    NUMBER = {2},
    PAGES = {237--285},
    TITLE = {Positive knots, closed braids and the {J}ones polynomial},
    VOLUME = {2},
    YEAR = {2003},
}

@article {szabo03,
    AUTHOR = {Ozsv\'{a}th, Peter and Szab\'{o}, Zolt\'{a}n},
    DOI = {10.2140/gt.2003.7.615},
    FJOURNAL = {Geometry and Topology},
    ISSN = {1465-3060},
    JOURNAL = {Geom. Topol.},
    MRCLASS = {57R58 (57M25 57M27)},
    MRNUMBER = {2026543},
    MRREVIEWER = {Stanislav Jabuka},
    PAGES = {615--639},
    TITLE = {Knot {F}loer homology and the four-ball genus},
    URL = {https://doi.org/10.2140/gt.2003.7.615},
    VOLUME = {7},
    YEAR = {2003},
}

@book {crans04,
    AUTHOR = {Crans, Alissa S.},
    ISBN = {978-0496-88998-3},
    MRCLASS = {Thesis},
    MRNUMBER = {2706291},
    NOTE = {Thesis (Ph.D.)--University of California, Riverside},
    PAGES = {173},
    PUBLISHER = {ProQuest LLC, Ann Arbor, MI},
    TITLE = {Lie 2-algebras},
    URL = {https://www.proquest.com/docview/305198326},
    YEAR = {2004},
}

@book {cromwell04,
    AUTHOR = {Cromwell, Peter R.},
    ISBN = {0-521-83947-5; 0-521-54831-4},
    MRCLASS = {57M25},
    MRNUMBER = {2107964},
    MRREVIEWER = {Sergei K. Lando},
    PAGES = {xviii+328},
    PUBLISHER = {Cambridge University Press, Cambridge},
    TITLE = {Knots and links},
    URL = {https://doi.org/10.1017/CBO9780511809767},
    YEAR = {2004},
}

@article {diao04,
    AUTHOR = {Diao, Yuanan},
    DOI = {10.1142/S0218216504003524},
    FJOURNAL = {Journal of Knot Theory and its Ramifications},
    ISSN = {0218-2165},
    JOURNAL = {J. Knot Theory Ramifications},
    MRCLASS = {57M25},
    MRNUMBER = {2101230},
    MRREVIEWER = {Masayuki Yamasaki},
    NUMBER = {7},
    PAGES = {857--866},
    TITLE = {The additivity of crossing numbers},
    URL = {https://doi.org/10.1142/S0218216504003524},
    VOLUME = {13},
    YEAR = {2004},
}

@article {janiak04,
    AUTHOR = {Janiak-Osajca, Agnieszka and Pogoda, Zdzis{\l}aw},
    FJOURNAL = {MSN},
    JOURNAL = {Matematyka-Spo{\l}ecze{\'n}stwo-Nauczanie},
    PAGES = {31--35},
    TITLE = {Węz\l y, supły i u\l amki},
    VOLUME = {33},
    YEAR = {2004},
}

@article {kauffman04,
    AUTHOR = {Kauffman, Louis H. and Lambropoulou, Sofia},
    DOI = {10.1016/j.aam.2003.06.002},
    FJOURNAL = {Adv. in Appl. Math.},
    ISSN = {0196-8858},
    JOURNAL = {Advances in Applied Mathematics},
    MRCLASS = {57M25},
    MRNUMBER = {2074397},
    MRREVIEWER = {Eriko Hironaka},
    NUMBER = {2},
    PAGES = {199--237},
    TITLE = {On the classification of rational tangles},
    URL = {http://dx.doi.org/10.1016/j.aam.2003.06.002},
    VOLUME = {33},
    YEAR = {2004},
}

@book {manturov04,
    AUTHOR = {Manturov, Vassily O.},
    DOI = {10.1201/9780203402849},
    ISBN = {0-415-31001-6},
    MRCLASS = {57M25 (57M27)},
    MRNUMBER = {2068425},
    MRREVIEWER = {Jacob Mostovoy},
    PAGES = {xiv+400},
    PUBLISHER = {Chapman \& Hall/CRC, Boca Raton, FL},
    TITLE = {Knot theory},
    URL = {https://doi.org/10.1201/9780203402849},
    YEAR = {2004},
}

@article {marche04,
    AUTHOR = {March\'{e}, Julien},
    DOI = {10.2140/agt.2004.4.1155},
    FJOURNAL = {Algebraic \& Geometric Topology},
    ISSN = {1472-2747},
    JOURNAL = {Algebr. Geom. Topol.},
    MRCLASS = {57M27 (57M25 57R56)},
    MRNUMBER = {2113901},
    MRREVIEWER = {Riccardo Longoni},
    PAGES = {1155--1175},
    TITLE = {A computation of the {K}ontsevich integral of torus knots},
    URL = {https://doi.org/10.2140/agt.2004.4.1155},
    VOLUME = {4},
    YEAR = {2004},
}

@article {rankin04,
    AUTHOR = {Rankin, Stuart and Flint, Ortho and Schermann, John},
    DOI = {10.1142/S0218216504003044},
    FJOURNAL = {Journal of Knot Theory and its Ramifications},
    ISSN = {0218-2165},
    JOURNAL = {J. Knot Theory Ramifications},
    MRCLASS = {57M25 (57M15)},
    MRNUMBER = {2039118},
    MRREVIEWER = {Marko Kranjc},
    NUMBER = {1},
    PAGES = {57--100},
    TITLE = {Enumerating the prime alternating knots. {I}},
    URL = {https://doi.org/10.1142/S0218216504003044},
    VOLUME = {13},
    YEAR = {2004},
}

@article {stoimenow04,
    AUTHOR = {Stoimenow, Alexander},
    DOI = {10.4310/MRL.2004.v11.n6.a4},
    FJOURNAL = {Mathematical Research Letters},
    ISSN = {1073-2780},
    JOURNAL = {Math. Res. Lett.},
    MRCLASS = {57M27 (57M25)},
    MRNUMBER = {2106240},
    MRREVIEWER = {Vladimir V. Tchernov},
    NUMBER = {5-6},
    PAGES = {755--769},
    TITLE = {Polynomial values, the linking form and unknotting numbers},
    URL = {https://doi.org/10.4310/MRL.2004.v11.n6.a4},
    VOLUME = {11},
    YEAR = {2004},
}

@article {viro04,
    AUTHOR = {Viro, Oleg},
    DOI = {10.4064/fm184-0-18},
    FJOURNAL = {Fund. Math.},
    ISSN = {0016-2736},
    JOURNAL = {Fundamenta Mathematicae},
    MRCLASS = {57M27 (57M25)},
    MRNUMBER = {2128056},
    MRREVIEWER = {Jacob Andrew Rasmussen},
    PAGES = {317--342},
    TITLE = {Khovanov homology, its definitions and ramifications},
    URL = {http://dx.doi.org/10.4064/fm184-0-18},
    VOLUME = {184},
    YEAR = {2004},
}

@article {yu04,
    AUTHOR = {Diao, Yuanan and Ernst, Claus and Yu, Xingxing},
    DOI = {10.1016/S0166-8641(03)00182-2},
    FJOURNAL = {Topology and its Applications},
    ISSN = {0166-8641},
    JOURNAL = {Topology Appl.},
    MRCLASS = {57M25},
    MRNUMBER = {2023409},
    MRREVIEWER = {Nikolai N. Saveliev},
    NUMBER = {1-3},
    PAGES = {7--36},
    TITLE = {Hamiltonian knot projections and lengths of thick knots},
    URL = {https://doi.org/10.1016/S0166-8641(03)00182-2},
    VOLUME = {136},
    YEAR = {2004},
}

@incollection {adams05,
    AUTHOR = {Adams, Colin C.},
    BOOKTITLE = {Handbook of knot theory},
    DOI = {10.1016/B978-044451452-3/50002-2},
    MRCLASS = {57M25 (57M50)},
    MRNUMBER = {2179259},
    MRREVIEWER = {Carlo Petronio},
    PAGES = {1--18},
    PUBLISHER = {Elsevier B. V., Amsterdam},
    TITLE = {Hyperbolic knots},
    URL = {https://doi.org/10.1016/B978-044451452-3/50002-2},
    YEAR = {2005},
}

@incollection {birman05,
    AUTHOR = {Birman, Joan S. and Brendle, Tara E.},
    BOOKTITLE = {Handbook of knot theory},
    DOI = {10.1016/B978-044451452-3/50003-4},
    MRCLASS = {57M25 (20F36 55R80 57M27 57R17)},
    MRNUMBER = {2179260},
    MRREVIEWER = {Darren D. Long},
    PAGES = {19--103},
    PUBLISHER = {Elsevier B. V., Amsterdam},
    TITLE = {Braids: a survey},
    URL = {https://doi.org/10.1016/B978-044451452-3/50003-4},
    YEAR = {2005},
}

@misc {chmutov05,
    ARCHIVEPREFIX = {arXiv},
    AUTHOR = {Chmutov, Sergei V. and Duzhin, Sergei V.},
    EPRINT = {math/0501040},
    PRIMARYCLASS = {math.GT},
    TITLE = {The Kontsevich integral},
    YEAR = {2005},
}

@article {gambaudo05,
    AUTHOR = {Gambaudo, Jean-Marc and Ghys, \'{E}tienne},
    DOI = {10.24033/bsmf.2496},
    FJOURNAL = {Bulletin de la Soci\'{e}t\'{e} Math\'{e}matique de France},
    ISSN = {0037-9484},
    JOURNAL = {Bull. Soc. Math. France},
    MRCLASS = {57M25 (11Z05 20F36 53D12)},
    MRNUMBER = {2233695},
    MRREVIEWER = {Hans U. Boden},
    NUMBER = {4},
    PAGES = {541--579},
    TITLE = {Braids and signatures},
    URL = {https://doi.org/10.24033/bsmf.2496},
    VOLUME = {133},
    YEAR = {2005},
}

@article {hayashi05,
    AUTHOR = {Hayashi, Chuichiro},
    DOI = {10.1007/s00208-004-0599-x},
    FJOURNAL = {Mathematische Annalen},
    ISSN = {0025-5831},
    JOURNAL = {Math. Ann.},
    MRCLASS = {57M25 (57N10)},
    MRNUMBER = {2178061},
    MRREVIEWER = {Carlo Petronio},
    NUMBER = {2},
    PAGES = {239--252},
    TITLE = {The number of {R}eidemeister moves for splitting a link},
    URL = {https://doi.org/10.1007/s00208-004-0599-x},
    VOLUME = {332},
    YEAR = {2005},
}

@article {kim05,
    AUTHOR = {Kim, Se-Goo and Livingston, Charles},
    DOI = {10.2140/pjm.2005.220.87},
    FJOURNAL = {Pacific Journal of Mathematics},
    ISSN = {0030-8730},
    JOURNAL = {Pacific J. Math.},
    MRCLASS = {57M25},
    MRNUMBER = {2195064},
    MRREVIEWER = {Swatee Naik},
    NUMBER = {1},
    PAGES = {87--105},
    TITLE = {Knot mutation: 4-genus of knots and algebraic concordance},
    URL = {https://doi.org/10.2140/pjm.2005.220.87},
    VOLUME = {220},
    YEAR = {2005},
}

@article {nakanishi05,
    AUTHOR = {Nakanishi, Yasutaka},
    DOI = {10.1142/S0218216505003701},
    FJOURNAL = {Journal of Knot Theory and its Ramifications},
    ISSN = {0218-2165},
    JOURNAL = {J. Knot Theory Ramifications},
    MRCLASS = {57M25},
    MRNUMBER = {2124552},
    MRREVIEWER = {G. Burde},
    NUMBER = {1},
    PAGES = {3--8},
    TITLE = {A note on unknotting number. {II}},
    URL = {https://doi.org/10.1142/S0218216505003701},
    VOLUME = {14},
    YEAR = {2005},
}

@article {stoimenow05,
    AUTHOR = {Stoimenow, Alexander},
    FJOURNAL = {Communications in Analysis and Geometry},
    ISSN = {1019-8385},
    JOURNAL = {Comm. Anal. Geom.},
    MRCLASS = {57M27 (05C05 11Z05 57M25)},
    MRNUMBER = {2171693},
    NUMBER = {3},
    PAGES = {591--631},
    TITLE = {Square numbers, spanning trees and invariants of achiral knots},
    URL = {http://projecteuclid.org/euclid.cag/1126023504},
    VOLUME = {13},
    YEAR = {2005},
}

@article {szabo05,
    AUTHOR = {Ozsv\'{a}th, Peter and Szab\'{o}, Zolt\'{a}n},
    DOI = {10.1016/j.top.2005.01.002},
    FJOURNAL = {Topology. An International Journal of Mathematics},
    ISSN = {0040-9383},
    JOURNAL = {Topology},
    MRCLASS = {57R58 (57M25)},
    MRNUMBER = {2136532},
    MRREVIEWER = {Vicente Mu\~{n}oz},
    NUMBER = {4},
    PAGES = {705--745},
    TITLE = {Knots with unknotting number one and {H}eegaard {F}loer homology},
    URL = {https://doi.org/10.1016/j.top.2005.01.002},
    VOLUME = {44},
    YEAR = {2005},
}

@article {vertigan05,
    AUTHOR = {Vertigan, Dirk},
    FJOURNAL = {SIAM Journal on Computing},
    ISSN = {0097-5397},
    JOURNAL = {SIAM J. Comput.},
    MRCLASS = {68Q17 (05A15 05B35 05C85 68Q15 68Q25 68R10)},
    MRNUMBER = {2201454},
    MRREVIEWER = {Mark R. Jerrum},
    NUMBER = {3},
    PAGES = {690--712},
    TITLE = {The computational complexity of {T}utte invariants for planar graphs},
    URL = {https://doi.org/10.1137/S0097539704446797},
    VOLUME = {35},
    YEAR = {2005},
}

@incollection {weeks05,
    AUTHOR = {Weeks, Jeff},
    BOOKTITLE = {Handbook of knot theory},
    DOI = {10.1016/B978-044451452-3/50011-3},
    MRCLASS = {57M25 (57M50)},
    MRNUMBER = {2179268},
    MRREVIEWER = {Mattia Mecchia},
    PAGES = {461--480},
    PUBLISHER = {Elsevier B. V., Amsterdam},
    TITLE = {Computation of hyperbolic structures in knot theory},
    URL = {http://dx.doi.org/10.1016/B978-044451452-3/50011-3},
    YEAR = {2005},
}

@misc {brittenham06,
    ARCHIVEPREFIX = {arXiv},
    AUTHOR = {Brittenham, Mark and Jensen, Jacqueline},
    EPRINT = {math/0608765},
    PRIMARYCLASS = {math.GT},
    TITLE = {Canonical genus and the Whitehead doubles of pretzel knots},
    YEAR = {2006},
}

@article {coward06,
    AUTHOR = {Coward, Alexander},
    DOI = {10.2140/agt.2006.6.659},
    FJOURNAL = {Algebraic \& Geometric Topology},
    ISSN = {1472-2747},
    JOURNAL = {Algebr. Geom. Topol.},
    MRCLASS = {57M25 (57M27)},
    MRNUMBER = {2240911},
    MRREVIEWER = {Stefan K. Friedl},
    PAGES = {659--671},
    TITLE = {Ordering the {R}eidemeister moves of a classical knot},
    URL = {https://doi.org/10.2140/agt.2006.6.659},
    VOLUME = {6},
    YEAR = {2006},
}

@article {denne06,
    AUTHOR = {Denne, Elizabeth and Diao, Yuanan and Sullivan, John M.},
    DOI = {10.2140/gt.2006.10.1},
    FJOURNAL = {Geometry and Topology},
    ISSN = {1465-3060},
    JOURNAL = {Geom. Topol.},
    MRCLASS = {58E10 (53A04 57M25)},
    MRNUMBER = {2207788},
    MRREVIEWER = {Dave Auckly},
    PAGES = {1--26},
    TITLE = {Quadrisecants give new lower bounds for the ropelength of a knot},
    URL = {https://doi.org/10.2140/gt.2006.10.1},
    VOLUME = {10},
    YEAR = {2006},
}

@article {elrifai06,
    AUTHOR = {Elrifai, Elsayed A.},
    DOI = {10.1016/j.chaos.2005.03.037},
    FJOURNAL = {Chaos, Solitons \& Fractals},
    ISSN = {0960-0779},
    JOURNAL = {Chaos Solitons Fractals},
    MRCLASS = {92E10 (57M25)},
    MRNUMBER = {2165277},
    MRREVIEWER = {Erica Flapan},
    NUMBER = {1},
    PAGES = {233--236},
    TITLE = {On stick number of knots and links},
    URL = {https://doi.org/10.1016/j.chaos.2005.03.037},
    VOLUME = {27},
    YEAR = {2006},
}

@article {gordon06,
    AUTHOR = {Gordon, Cameron McA. and Luecke, John},
    DOI = {10.2140/agt.2006.6.2051},
    FJOURNAL = {Algebraic \& Geometric Topology},
    ISSN = {1472-2747},
    JOURNAL = {Algebr. Geom. Topol.},
    MRCLASS = {57M25 (57N10)},
    MRNUMBER = {2263059},
    MRREVIEWER = {Daniel Ruberman},
    PAGES = {2051--2116},
    TITLE = {Knots with unknotting number 1 and essential {C}onway spheres},
    URL = {https://doi.org/10.2140/agt.2006.6.2051},
    VOLUME = {6},
    YEAR = {2006},
}

@article {hagge06,
    AUTHOR = {Hagge, Tobias J.},
    DOI = {10.1090/S0002-9939-05-07935-9},
    FJOURNAL = {Proceedings of the American Mathematical Society},
    ISSN = {0002-9939},
    JOURNAL = {Proc. Amer. Math. Soc.},
    MRCLASS = {57M25},
    MRNUMBER = {2170571},
    MRREVIEWER = {Mark R. Woodard},
    NUMBER = {1},
    PAGES = {295--301},
    TITLE = {Every {R}eidemeister move is needed for each knot type},
    URL = {https://doi.org/10.1090/S0002-9939-05-07935-9},
    VOLUME = {134},
    YEAR = {2006},
}

@article {nakamura06,
    AUTHOR = {Nakamura, Takuji},
    FJOURNAL = {Osaka Journal of Mathematics},
    ISSN = {0030-6126},
    JOURNAL = {Osaka J. Math.},
    MRCLASS = {57M25},
    MRNUMBER = {2283412},
    MRREVIEWER = {Daniel Silver},
    NUMBER = {3},
    PAGES = {609--623},
    TITLE = {On the crossing number of 2-bridge knot and the canonical genus of its {W}hitehead double},
    URL = {http://projecteuclid.org/euclid.ojm/1159190004},
    VOLUME = {43},
    YEAR = {2006},
}

@misc {zirbel06,
    ARCHIVEPREFIX = {arXiv},
    AUTHOR = {Hoste, Jim and Zirbel, Laura},
    EPRINT = {math/0605632},
    PRIMARYCLASS = {math.GT},
    TITLE = {Lissajous knots and knots with Lissajous projections},
    YEAR = {2006},
}

@article {barnatan07,
    AUTHOR = {Bar-Natan, Dror},
    FJOURNAL = {Journal of Knot Theory and its Ramifications},
    ISSN = {0218-2165},
    JOURNAL = {J. Knot Theory Ramifications},
    MRCLASS = {57M25},
    MRNUMBER = {2320156},
    NUMBER = {3},
    PAGES = {243--255},
    TITLE = {Fast {K}hovanov homology computations},
    URL = {https://doi.org/10.1142/S0218216507005294},
    VOLUME = {16},
    YEAR = {2007},
}

@article {lisca07,
    AUTHOR = {Lisca, Paolo},
    DOI = {10.2140/gt.2007.11.429},
    FJOURNAL = {Geometry \& Topology},
    ISSN = {1465-3060},
    JOURNAL = {Geom. Topol.},
    MRCLASS = {57M25 (57M12)},
    MRNUMBER = {2302495},
    MRREVIEWER = {Darren D. Long},
    PAGES = {429--472},
    TITLE = {Lens spaces, rational balls and the ribbon conjecture},
    URL = {https://doi.org/10.2140/gt.2007.11.429},
    VOLUME = {11},
    YEAR = {2007},
}

@misc {stoimenow07,
    ARCHIVEPREFIX = {arXiv},
    AUTHOR = {Stoimenow, Alexander},
    EPRINT = {math/0606255},
    PRIMARYCLASS = {math.GT},
    TITLE = {Non-triviality of the Jones polynomial and the crossing numbers of amphicheiral knots},
    YEAR = {2007},
}

@article {ghiggini08,
    AUTHOR = {Ghiggini, Paolo},
    DOI = {10.1353/ajm.0.0016},
    FJOURNAL = {American Journal of Mathematics},
    ISSN = {0002-9327},
    JOURNAL = {Amer. J. Math.},
    MRCLASS = {57M25 (57R58)},
    MRNUMBER = {2450204},
    NUMBER = {5},
    PAGES = {1151--1169},
    TITLE = {Knot {F}loer homology detects genus-one fibred knots},
    URL = {https://doi.org/10.1353/ajm.0.0016},
    VOLUME = {130},
    YEAR = {2008},
}

@article {owens08,
    AUTHOR = {Owens, Brendan},
    DOI = {10.1016/j.aim.2007.10.006},
    FJOURNAL = {Advances in Mathematics},
    ISSN = {0001-8708},
    JOURNAL = {Adv. Math.},
    MRCLASS = {57M27 (57R58)},
    MRNUMBER = {2388097},
    MRREVIEWER = {Dan A. Lee},
    NUMBER = {5},
    PAGES = {2353--2376},
    TITLE = {Unknotting information from {H}eegaard {F}loer homology},
    URL = {https://doi.org/10.1016/j.aim.2007.10.006},
    VOLUME = {217},
    YEAR = {2008},
}

@article {stoimenow08,
    AUTHOR = {Stoimenow, Alexander},
    DOI = {10.4064/fm200-1-1},
    FJOURNAL = {Fundamenta Mathematicae},
    ISSN = {0016-2736},
    JOURNAL = {Fund. Math.},
    MRCLASS = {57M25 (20F36 57M27 57M50)},
    MRNUMBER = {2443760},
    MRREVIEWER = {Daan Krammer},
    NUMBER = {1},
    PAGES = {1--67},
    TITLE = {Knots of (canonical) genus two},
    URL = {https://doi.org/10.4064/fm200-1-1},
    VOLUME = {200},
    YEAR = {2008},
}

@article {bacardit09,
    AUTHOR = {Bacardit, Llu\'{\i}s and Dicks, Warren},
    DOI = {10.1515/GCC.2009.77},
    FJOURNAL = {Groups. Complexity. Cryptology},
    ISSN = {1867-1144},
    JOURNAL = {Groups Complex. Cryptol.},
    MRCLASS = {20F36 (20E05 20F60)},
    MRNUMBER = {2502938},
    MRREVIEWER = {Stephen P. Humphries},
    NUMBER = {1},
    PAGES = {77--129},
    TITLE = {Actions of the braid group, and new algebraic proofs of results of {D}ehornoy and {L}arue},
    URL = {https://doi.org/10.1515/GCC.2009.77},
    VOLUME = {1},
    YEAR = {2009},
}

@article {gabai09,
    AUTHOR = {Gabai, David and Meyerhoff, Robert G. and Milley, Peter},
    DOI = {10.1090/S0894-0347-09-00639-0},
    FJOURNAL = {Journal of the American Mathematical Society},
    ISSN = {0894-0347},
    JOURNAL = {J. Amer. Math. Soc.},
    MRCLASS = {57M50 (51M10 51M25)},
    MRNUMBER = {2525782},
    MRREVIEWER = {Stephan Tillmann},
    NUMBER = {4},
    PAGES = {1157--1215},
    TITLE = {Minimum volume cusped hyperbolic three-manifolds},
    URL = {https://doi.org/10.1090/S0894-0347-09-00639-0},
    VOLUME = {22},
    YEAR = {2009},
}

@book {gellert09,
    AUTHOR = {Gellert, Florian},
    PUBLISHER = {Fachbereich Mathematik, Universität Bonn},
    TITLE = {Kombinatorische Invarianten},
    YEAR = {2009},
}

@article {lackenby09,
    AUTHOR = {Lackenby, Marc},
    DOI = {10.1112/jtopol/jtp028},
    FJOURNAL = {J. Topol.},
    ISSN = {1753-8416},
    JOURNAL = {Journal of Topology},
    MRCLASS = {57M25},
    MRNUMBER = {2574742},
    NUMBER = {4},
    PAGES = {747--768},
    TITLE = {The crossing number of composite knots},
    URL = {http://dx.doi.org/10.1112/jtopol/jtp028},
    VOLUME = {2},
    YEAR = {2009},
}

@article {meyerhoff09,
    AUTHOR = {Gabai, David and Meyerhoff, Robert G. and Milley, Peter},
    DOI = {10.1090/S0894-0347-09-00639-0},
    FJOURNAL = {Journal of the American Mathematical Society},
    ISSN = {0894-0347},
    JOURNAL = {J. Amer. Math. Soc.},
    MRCLASS = {57M50 (51M10 51M25)},
    MRNUMBER = {2525782},
    MRREVIEWER = {Stephan Tillmann},
    NUMBER = {4},
    PAGES = {1157--1215},
    TITLE = {Minimum volume cusped hyperbolic three-manifolds},
    URL = {https://doi.org/10.1090/S0894-0347-09-00639-0},
    VOLUME = {22},
    YEAR = {2009},
}

@article {niebrzydowski09,
    AUTHOR = {Niebrzydowski, Maciej and Przytycki, J\'{o}zef H.},
    FJOURNAL = {Osaka Journal of Mathematics},
    ISSN = {0030-6126},
    JOURNAL = {Osaka J. Math.},
    MRCLASS = {57M25 (57M27)},
    MRNUMBER = {2583322},
    MRREVIEWER = {Seiichi Kamada},
    NUMBER = {3},
    PAGES = {645--659},
    TITLE = {The quandle of the trefoil knot as the {D}ehn quandle of the torus},
    URL = {http://projecteuclid.org/euclid.ojm/1256564199},
    VOLUME = {46},
    YEAR = {2009},
}

@article {tanaka09,
    AUTHOR = {Stoimenow, Alexander and Tanaka, Toshifumi},
    FJOURNAL = {Journal of G\"{o}kova Geometry Topology. GGT},
    JOURNAL = {J. G\"{o}kova Geom. Topol. GGT},
    MRCLASS = {57M27 (57M25 57N70)},
    MRNUMBER = {2595755},
    PAGES = {44--78},
    TITLE = {Mutation and the colored {J}ones polynomial},
    VOLUME = {3},
    YEAR = {2009},
}

@article {taniyama09,
    AUTHOR = {Taniyama, Kouki},
    DOI = {10.1142/S0218216509007361},
    FJOURNAL = {Journal of Knot Theory and its Ramifications},
    ISSN = {0218-2165},
    JOURNAL = {J. Knot Theory Ramifications},
    MRCLASS = {57M27 (57M25)},
    MRNUMBER = {2554334},
    MRREVIEWER = {Ryan D. Budney},
    NUMBER = {8},
    PAGES = {1049--1063},
    TITLE = {Unknotting numbers of diagrams of a given nontrivial knot are unbounded},
    URL = {http://dx.doi.org/10.1142/S0218216509007361},
    VOLUME = {18},
    YEAR = {2009},
}

@article {agol10,
    AUTHOR = {Agol, Ian},
    DOI = {10.1090/S0002-9939-10-10364-5},
    FJOURNAL = {Proceedings of the American Mathematical Society},
    ISSN = {0002-9939},
    JOURNAL = {Proc. Amer. Math. Soc.},
    MRCLASS = {57M50},
    MRNUMBER = {2661571},
    NUMBER = {10},
    PAGES = {3723--3732},
    TITLE = {The minimal volume orientable hyperbolic 2-cusped 3-manifolds},
    URL = {https://doi.org/10.1090/S0002-9939-10-10364-5},
    VOLUME = {138},
    YEAR = {2010},
}

@article {borodzik10,
    AUTHOR = {Borodzik, Maciej and Oleszkiewicz, Krzysztof},
    DOI = {10.4064/ba58-2-7},
    FJOURNAL = {Bulletin of the Polish Academy of Sciences. Mathematics},
    ISSN = {0239-7269},
    JOURNAL = {Bull. Pol. Acad. Sci. Math.},
    MRCLASS = {57M27 (57M25)},
    MRNUMBER = {2733048},
    MRREVIEWER = {Neil R. Nicholson},
    NUMBER = {2},
    PAGES = {167--177},
    TITLE = {On the signatures of torus knots},
    URL = {https://doi.org/10.4064/ba58-2-7},
    VOLUME = {58},
    YEAR = {2010},
}

@article {dunfield10,
    AUTHOR = {Dunfield, Nathan M. and Garoufalidis, Stavros and Shumakovitch, Alexander and Thistlethwaite, Morwen B.},
    FJOURNAL = {New York Journal of Mathematics},
    ISSN = {1076-9803},
    JOURNAL = {New York J. Math.},
    MRCLASS = {57M27 (57M25)},
    MRNUMBER = {2657370},
    MRREVIEWER = {Mario Eudave Mu\~{n}oz},
    PAGES = {99--123},
    TITLE = {Behavior of knot invariants under genus 2 mutation},
    URL = {http://nyjm.albany.edu:8000/j/2010/16_99.html},
    VOLUME = {16},
    YEAR = {2010},
}

@article {gompf10,
    AUTHOR = {Gompf, Robert E. and Scharlemann, Martin G. and Thompson, Abigail},
    DOI = {10.2140/gt.2010.14.2305},
    FJOURNAL = {Geometry \& Topology},
    ISSN = {1465-3060},
    JOURNAL = {Geom. Topol.},
    MRCLASS = {57M25},
    MRNUMBER = {2740649},
    MRREVIEWER = {Eriko Hironaka},
    NUMBER = {4},
    PAGES = {2305--2347},
    TITLE = {Fibered knots and potential counterexamples to the property 2{R} and slice-ribbon conjectures},
    URL = {https://doi.org/10.2140/gt.2010.14.2305},
    VOLUME = {14},
    YEAR = {2010},
}

@article {stoimenow10,
    AUTHOR = {Stoimenow, Alexander},
    DOI = {10.1142/S0218196710005789},
    FJOURNAL = {International Journal of Algebra and Computation},
    ISSN = {0218-1967},
    JOURNAL = {Internat. J. Algebra Comput.},
    MRCLASS = {57M25 (57M27)},
    MRNUMBER = {2665776},
    NUMBER = {4},
    PAGES = {525--559},
    TITLE = {Tabulating and distinguishing mutants},
    URL = {https://doi.org/10.1142/S0218196710005789},
    VOLUME = {20},
    YEAR = {2010},
}

@article {coward11,
    AUTHOR = {Coward, Alexander and Lackenby, Marc},
    DOI = {10.4171/CMH/227},
    FJOURNAL = {Comment. Math. Helv.},
    ISSN = {0010-2571},
    JOURNAL = {Commentarii Mathematici Helvetici. A Journal of the Swiss Mathematical Society},
    MRCLASS = {57M25 (57N10)},
    MRNUMBER = {2775133},
    MRREVIEWER = {Ichiro Torisu},
    NUMBER = {2},
    PAGES = {383--399},
    TITLE = {Unknotting genus one knots},
    URL = {http://dx.doi.org/10.4171/CMH/227},
    VOLUME = {86},
    YEAR = {2011},
}

@article {gonzalez11,
    AUTHOR = {Gonz\'{a}lez-Meneses, Juan},
    DOI = {10.5802/ambp.293},
    FJOURNAL = {Annales Math\'{e}matiques Blaise Pascal},
    ISSN = {1259-1734},
    JOURNAL = {Ann. Math. Blaise Pascal},
    MRCLASS = {20F36},
    MRNUMBER = {2830088},
    MRREVIEWER = {Luis Paris},
    NUMBER = {1},
    PAGES = {15--59},
    TITLE = {Basic results on braid groups},
    URL = {https://doi.org/10.5802/ambp.293},
    VOLUME = {18},
    YEAR = {2011},
}

@article {greene11,
    AUTHOR = {Greene, Joshua E. and Jabuka, Stanislav},
    DOI = {10.1353/ajm.2011.0022},
    FJOURNAL = {American Journal of Mathematics},
    ISSN = {0002-9327},
    JOURNAL = {Amer. J. Math.},
    MRCLASS = {57M25 (57N70)},
    MRNUMBER = {2808326},
    MRREVIEWER = {Charles Livingston},
    NUMBER = {3},
    PAGES = {555--580},
    TITLE = {The slice-ribbon conjecture for 3-stranded pretzel knots},
    URL = {https://doi.org/10.1353/ajm.2011.0022},
    VOLUME = {133},
    YEAR = {2011},
}

@article {huh11,
    AUTHOR = {Huh, Youngsik and Oh, Seungsang},
    DOI = {10.1142/S0218216511008966},
    FJOURNAL = {Journal of Knot Theory and its Ramifications},
    ISSN = {0218-2165},
    JOURNAL = {J. Knot Theory Ramifications},
    MRCLASS = {57M25 (57M27)},
    MRNUMBER = {2806342},
    MRREVIEWER = {Jean-Baptiste Meilhan},
    NUMBER = {5},
    PAGES = {741--747},
    TITLE = {An upper bound on stick number of knots},
    URL = {https://doi.org/10.1142/S0218216511008966},
    VOLUME = {20},
    YEAR = {2011},
}

@article {kronheimer11,
    AUTHOR = {Kronheimer, Peter B. and Mrowka, Tomasz S.},
    FJOURNAL = {Publications Math\'ematiques. Institut de Hautes \'Etudes Scientifiques},
    ISSN = {0073-8301},
    JOURNAL = {Publ. Math. Inst. Hautes \'Etudes Sci.},
    MRCLASS = {57M27 (18G40 57R58)},
    MRNUMBER = {2805599},
    MRREVIEWER = {Raphael Zentner},
    NUMBER = {1},
    PAGES = {97--208},
    TITLE = {Khovanov homology is an unknot-detector},
    URL = {https://doi.org/10.1007/s10240-010-0030-y},
    VOLUME = {113},
    YEAR = {2011},
}

@article {burton12,
    AUTHOR = {Burton, Benjamin A. and Rubinstein, Joachim H. and Tillmann, Stephan},
    FJOURNAL = {Transactions of the American Mathematical Society},
    ISSN = {0002-9947},
    JOURNAL = {Trans. Amer. Math. Soc.},
    MRCLASS = {57N10 (57M50)},
    MRNUMBER = {2846358},
    MRREVIEWER = {Martin Scharlemann},
    NUMBER = {2},
    PAGES = {911--932},
    TITLE = {The {W}eber-{S}eifert dodecahedral space is non-{H}aken},
    URL = {https://doi.org/10.1090/S0002-9947-2011-05419-X},
    VOLUME = {364},
    YEAR = {2012},
}

@incollection {chmutov12,
    AUTHOR = {Chmutov, Sergei V.},
    BOOKTITLE = {Introductory lectures on knot theory},
    DOI = {10.1142/9789814313001_0003},
    MRCLASS = {57M27},
    MRNUMBER = {2885230},
    PAGES = {54--76},
    PUBLISHER = {World Sci. Publ., Hackensack, NJ},
    SERIES = {Ser. Knots Everything},
    TITLE = {Combinatorics of {V}assiliev invariants},
    URL = {https://doi.org/10.1142/9789814313001_0003},
    VOLUME = {46},
    YEAR = {2012},
}

@book {duzhin12,
    AUTHOR = {Chmutov, Sergei V. and Duzhin, Sergei V. and Mostovoy, Jacob},
    DOI = {10.1017/CBO9781139107846},
    ISBN = {978-1-107-02083-2},
    MRCLASS = {57M27},
    MRNUMBER = {2962302},
    MRREVIEWER = {Hitoshi Murakami},
    PAGES = {xvi+504},
    PUBLISHER = {Cambridge University Press, Cambridge},
    TITLE = {Introduction to {V}assiliev knot invariants},
    URL = {https://doi.org/10.1017/CBO9781139107846},
    YEAR = {2012},
}

@article {garoufalidis12,
    AUTHOR = {Garoufalidis, Stavros and Koutschan, Christoph},
    DOI = {10.1080/10586458.2012.651409},
    FJOURNAL = {Experimental Mathematics},
    ISSN = {1058-6458},
    JOURNAL = {Exp. Math.},
    MRCLASS = {57M27 (57M25 57N10)},
    MRNUMBER = {2988577},
    MRREVIEWER = {Francesco Costantino},
    NUMBER = {3},
    PAGES = {241--251},
    TITLE = {The noncommutative {$A$}-polynomial of {$(-2,3,n)$} pretzel knots},
    URL = {https://doi.org/10.1080/10586458.2012.651409},
    VOLUME = {21},
    YEAR = {2012},
}

@article {hilden12,
    AUTHOR = {Hilden, Hugh M. and Montesinos, Jos\'{e} M. and Tejada, D\'{e}bora M. and Toro, Margarita M.},
    FJOURNAL = {Revista Colombiana de Matem\'{a}ticas},
    ISSN = {0034-7426},
    JOURNAL = {Rev. Colombiana Mat.},
    MRCLASS = {57M25},
    MRNUMBER = {3007934},
    MRREVIEWER = {Pedro Lopes},
    NUMBER = {2},
    PAGES = {113--144},
    TITLE = {On the classification of 3-bridge links},
    VOLUME = {46},
    YEAR = {2012},
}

@article {pecker12,
    AUTHOR = {Pecker, Daniel},
    DOI = {10.1007/s10711-012-9708-2},
    FJOURNAL = {Geometriae Dedicata},
    ISSN = {0046-5755},
    JOURNAL = {Geom. Dedicata},
    MRCLASS = {37D50 (57M25)},
    MRNUMBER = {2994045},
    MRREVIEWER = {Tomas Persson},
    PAGES = {323--333},
    TITLE = {Poncelet's theorem and billiard knots},
    URL = {https://doi.org/10.1007/s10711-012-9708-2},
    VOLUME = {161},
    YEAR = {2012},
}

@incollection {shumakovitch12,
    AUTHOR = {Shumakovitch, Alexander},
    BOOKTITLE = {Perspectives in analysis, geometry, and topology},
    DOI = {10.1007/978-0-8176-8277-4\_17},
    MRCLASS = {57M27},
    MRNUMBER = {2884045},
    MRREVIEWER = {Mohamed Elhamdadi},
    PAGES = {403--430},
    PUBLISHER = {Birkh\"{a}user/Springer, New York},
    SERIES = {Progr. Math.},
    TITLE = {Khovanov homology theories and their applications},
    URL = {https://doi.org/10.1007/978-0-8176-8277-4_17},
    VOLUME = {296},
    YEAR = {2012},
}

@article {vendramin12,
    AUTHOR = {Vendramin, Leandro},
    DOI = {10.1142/S0218216512500885},
    FJOURNAL = {Journal of Knot Theory and its Ramifications},
    ISSN = {0218-2165},
    JOURNAL = {J. Knot Theory Ramifications},
    MRCLASS = {57M27},
    MRNUMBER = {2926571},
    MRREVIEWER = {Mohamed Elhamdadi},
    NUMBER = {9},
    PAGES = {1250088, 10},
    TITLE = {On the classification of quandles of low order},
    URL = {https://doi.org/10.1142/S0218216512500885},
    VOLUME = {21},
    YEAR = {2012},
}

@article {adams13,
    AUTHOR = {Adams, Colin C.},
    DOI = {10.1142/S0218216513500065},
    FJOURNAL = {Journal of Knot Theory and its Ramifications},
    ISSN = {0218-2165},
    JOURNAL = {J. Knot Theory Ramifications},
    MRCLASS = {57M25},
    MRNUMBER = {3037297},
    MRREVIEWER = {Ilya S. Kofman},
    NUMBER = {2},
    PAGES = {1350006, 17},
    TITLE = {Triple crossing number of knots and links},
    URL = {https://doi.org/10.1142/S0218216513500065},
    VOLUME = {22},
    YEAR = {2013},
}

@incollection {hodgson13,
    AUTHOR = {Hodgson, Craig and Masai, Hidetoshi},
    BOOKTITLE = {Geometry and topology down under},
    DOI = {10.1090/conm/597/11767},
    MRCLASS = {57M27 (11E16 57M50 57N10 58C35)},
    MRNUMBER = {3186679},
    MRREVIEWER = {Matilde N. Lal\'{\i}n},
    PAGES = {295--320},
    PUBLISHER = {Amer. Math. Soc., Providence, RI},
    SERIES = {Contemp. Math.},
    TITLE = {On the number of hyperbolic 3-manifolds of a given volume},
    URL = {https://doi.org/10.1090/conm/597/11767},
    VOLUME = {597},
    YEAR = {2013},
}

@article {yoshida13,
    AUTHOR = {Yoshida, Ken'ichi},
    DOI = {10.2140/pjm.2013.266.457},
    FJOURNAL = {Pacific Journal of Mathematics},
    ISSN = {0030-8730},
    JOURNAL = {Pacific J. Math.},
    MRCLASS = {57M27},
    MRNUMBER = {3130632},
    MRREVIEWER = {Alexander Zupan},
    NUMBER = {2},
    PAGES = {457--476},
    TITLE = {The minimal volume orientable hyperbolic 3-manifold with 4 cusps},
    URL = {https://doi.org/10.2140/pjm.2013.266.457},
    VOLUME = {266},
    YEAR = {2013},
}

@article {borodzik14,
    AUTHOR = {Borodzik, Maciej and Friedl, Stefan},
    DOI = {10.1017/S0017089514000081},
    FJOURNAL = {Glasgow Mathematical Journal},
    ISSN = {0017-0895},
    JOURNAL = {Glasg. Math. J.},
    MRCLASS = {57M27 (57M25)},
    MRNUMBER = {3250270},
    MRREVIEWER = {Mario Eudave Mu\~noz},
    NUMBER = {3},
    PAGES = {657--680},
    TITLE = {The unknotting number and classical invariants {II}},
    URL = {http://dx.doi.org/10.1017/S0017089514000081},
    VOLUME = {56},
    YEAR = {2014},
}

@book {burde14,
    AUTHOR = {Burde, Gerhard and Zieschang, Heiner and Heusener, Michael},
    EDITION = {extended},
    ISBN = {978-3-11-027074-7; 978-3-11-027078-5},
    MRCLASS = {57-01 (57M25)},
    MRNUMBER = {3156509},
    MRREVIEWER = {Swatee Naik},
    PAGES = {xiv+417},
    PUBLISHER = {De Gruyter, Berlin},
    SERIES = {De Gruyter Studies in Mathematics},
    TITLE = {Knots},
    VOLUME = {5},
    YEAR = {2014},
}

@article {clark13,
    AUTHOR = {Clark, William E. and Elhamdadi, Mohamed and Saito, Masahico and Yeatman, Timothy},
    DOI = {10.1142/S0218216514500357},
    FJOURNAL = {Journal of Knot Theory and its Ramifications},
    ISSN = {0218-2165},
    JOURNAL = {J. Knot Theory Ramifications},
    MRCLASS = {57M25 (57M27)},
    MRNUMBER = {3253967},
    MRREVIEWER = {Blake Mellor},
    NUMBER = {6},
    PAGES = {1450035, 29},
    TITLE = {Quandle colorings of knots and applications},
    URL = {https://doi.org/10.1142/S0218216514500357},
    VOLUME = {23},
    YEAR = {2014},
}

@incollection {koseleff14,
    AUTHOR = {Koseleff, Pierre V. and Pecker, Daniel},
    BOOKTITLE = {Knots in {P}oland. {III}. {P}art 1},
    DOI = {10.4064/bc100-0-9},
    MRCLASS = {57M25},
    MRNUMBER = {3220481},
    MRREVIEWER = {Uwe Kaiser},
    PAGES = {173--178},
    PUBLISHER = {Polish Acad. Sci. Inst. Math., Warsaw},
    SERIES = {Banach Center Publ.},
    TITLE = {Every knot is a billiard knot},
    URL = {https://doi.org/10.4064/bc100-0-9},
    VOLUME = {100},
    YEAR = {2014},
}

@article {lackenby14,
    AUTHOR = {Lackenby, Marc},
    DOI = {10.2140/agt.2014.14.2379},
    FJOURNAL = {Algebraic \& Geometric Topology},
    ISSN = {1472-2747},
    JOURNAL = {Algebr. Geom. Topol.},
    MRCLASS = {57M25},
    MRNUMBER = {3331616},
    MRREVIEWER = {Toshio Saito},
    NUMBER = {4},
    PAGES = {2379--2409},
    TITLE = {The crossing number of satellite knots},
    URL = {https://doi.org/10.2140/agt.2014.14.2379},
    VOLUME = {14},
    YEAR = {2014},
}

@article {shimizu14,
    AUTHOR = {Shimizu, Ayaka},
    DOI = {10.2969/jmsj/06630693},
    FJOURNAL = {Journal of the Mathematical Society of Japan},
    ISSN = {0025-5645},
    JOURNAL = {J. Math. Soc. Japan},
    MRCLASS = {57M25 (57M27)},
    MRNUMBER = {3238313},
    MRREVIEWER = {Maki Nagura},
    NUMBER = {3},
    PAGES = {693--708},
    TITLE = {Region crossing change is an unknotting operation},
    URL = {http://dx.doi.org/10.2969/jmsj/06630693},
    VOLUME = {66},
    YEAR = {2014},
}

@article {borodzik15,
    AUTHOR = {Borodzik, Maciej and Friedl, Stefan},
    DOI = {10.2140/agt.2015.15.85},
    FJOURNAL = {Algebraic \& Geometric Topology},
    ISSN = {1472-2747},
    JOURNAL = {Algebr. Geom. Topol.},
    MRCLASS = {57M27},
    MRNUMBER = {3325733},
    MRREVIEWER = {Fabiola Manjarrez-Guti\'errez},
    NUMBER = {1},
    PAGES = {85--135},
    TITLE = {The unknotting number and classical invariants, {I}},
    URL = {http://dx.doi.org/10.2140/agt.2015.15.85},
    VOLUME = {15},
    YEAR = {2015},
}

@article {kuperberg15,
    AUTHOR = {Kuperberg, Greg},
    FJOURNAL = {Theory of Computing. An Open Access Journal},
    ISSN = {1557-2862},
    JOURNAL = {Theory Comput.},
    MRCLASS = {68Q12 (57M27 68P05 68Q17)},
    MRNUMBER = {3354608},
    MRREVIEWER = {Heather A. Dye},
    PAGES = {183--219},
    TITLE = {How hard is it to approximate the {J}ones polynomial?},
    URL = {https://doi.org/10.4086/toc.2015.v011a006},
    VOLUME = {11},
    YEAR = {2015},
}

@article {lackenby15,
    AUTHOR = {Lackenby, Marc},
    DOI = {10.4007/annals.2015.182.2.3},
    FJOURNAL = {Annals of Mathematics. Second Series},
    ISSN = {0003-486X},
    JOURNAL = {Ann. of Math. (2)},
    MRCLASS = {57M25},
    MRNUMBER = {3418524},
    MRREVIEWER = {Fabiola Manjarrez-Guti\'{e}rrez},
    NUMBER = {2},
    PAGES = {491--564},
    TITLE = {A polynomial upper bound on {R}eidemeister moves},
    URL = {https://doi.org/10.4007/annals.2015.182.2.3},
    VOLUME = {182},
    YEAR = {2015},
}

@misc {przytycki15,
    AUTHOR = {Przytycki, J\'ozef H.},
    PAGES = {1-70},
    TITLE = {Przygody badacza węzłów},
    YEAR = {2015},
}

@book {dye16,
    AUTHOR = {Dye, Heather A.},
    ISBN = {978-1-4987-0164-8},
    MRCLASS = {57M27 (57M25)},
    MRNUMBER = {3468517},
    MRREVIEWER = {Daniel D. Moskovich},
    NOTE = {Virtual and classical},
    PAGES = {xxx+256},
    PUBLISHER = {CRC Press, Boca Raton, FL},
    TITLE = {An invitation to knot theory},
    YEAR = {2016},
}

@article {gilmer16,
    AUTHOR = {Gilmer, Patrick M. and Livingston, Charles},
    DOI = {10.1090/proc/13129},
    FJOURNAL = {Proceedings of the American Mathematical Society},
    ISSN = {0002-9939},
    JOURNAL = {Proc. Amer. Math. Soc.},
    MRCLASS = {57M25},
    MRNUMBER = {3556282},
    MRREVIEWER = {Dale P. O. Rolfsen},
    NUMBER = {12},
    PAGES = {5407--5417},
    TITLE = {Signature jumps and {A}lexander polynomials for links},
    URL = {https://doi.org/10.1090/proc/13129},
    VOLUME = {144},
    YEAR = {2016},
}

@article {liechti16,
    AUTHOR = {Liechti, Livio},
    FJOURNAL = {Osaka Journal of Mathematics},
    ISSN = {0030-6126},
    JOURNAL = {Osaka J. Math.},
    MRCLASS = {57M27 (20F55)},
    MRNUMBER = {3466832},
    MRREVIEWER = {Timothy A. Schroeder},
    NOTE = {With an appendix by Peter Feller and Liechti},
    NUMBER = {1},
    PAGES = {251--266},
    TITLE = {Signature, positive {H}opf plumbing and the {C}oxeter transformation},
    URL = {http://projecteuclid.org/euclid.ojm/1455892632},
    VOLUME = {53},
    YEAR = {2016},
}

@misc {malyutin16,
    ARCHIVEPREFIX = {arXiv},
    AUTHOR = {Malyutin, Andrei V.},
    EPRINT = {1612.03368},
    PRIMARYCLASS = {math.GT},
    TITLE = {On the question of genericity of hyperbolic knots},
    YEAR = {2016},
}

@article {zanellati16,
    AUTHOR = {Petronio, Carlo and Zanellati, Adolfo},
    DOI = {10.1142/S0218216516500590},
    EPRINT = {https://doi.org/10.1142/S0218216516500590},
    JOURNAL = {Journal of Knot Theory and Its Ramifications},
    NUMBER = {10},
    PAGES = {1650059},
    TITLE = {Algorithmic simplification of knot diagrams: New moves and experiments},
    URL = {https://doi.org/10.1142/S0218216516500590},
    VOLUME = {25},
    YEAR = {2016},
}

@article {greene17,
    AUTHOR = {Greene, Joshua E.},
    DOI = {10.1215/00127094-2017-0004},
    FJOURNAL = {Duke Mathematical Journal},
    ISSN = {0012-7094},
    JOURNAL = {Duke Math. J.},
    MRCLASS = {57M25 (05C21 05C50 11H55 57M15 57M27)},
    MRNUMBER = {3694566},
    MRREVIEWER = {Kenneth A. Perko, Jr.},
    NOTE = {With an appendix by Andr\'{a}s Juh\'{a}sz and Marc Lackenby},
    NUMBER = {11},
    PAGES = {2133--2151},
    TITLE = {Alternating links and definite surfaces},
    URL = {https://doi.org/10.1215/00127094-2017-0004},
    VOLUME = {166},
    YEAR = {2017},
}

@article {turner17,
    AUTHOR = {Turner, Paul},
    DOI = {10.1142/S0218216517410097},
    FJOURNAL = {Journal of Knot Theory and its Ramifications},
    ISSN = {0218-2165},
    JOURNAL = {J. Knot Theory Ramifications},
    MRCLASS = {57M27 (57M25)},
    MRNUMBER = {3627709},
    NUMBER = {3},
    PAGES = {1741009, 41},
    TITLE = {Five lectures on {K}hovanov homology},
    URL = {https://doi.org/10.1142/S0218216517410097},
    VOLUME = {26},
    YEAR = {2017},
}

@misc {cha18,
    ARCHIVEPREFIX = {arXiv},
    AUTHOR = {Cha, Jae C. and Livingston, Charles},
    EPRINT = {math/0503125},
    PRIMARYCLASS = {math.GT},
    TITLE = {Unknown values in the table of knots},
    YEAR = {2018},
}

@article {livingston18,
    AUTHOR = {Livingston, Charles},
    DOI = {10.1090/proc/14102},
    FJOURNAL = {Proceedings of the American Mathematical Society},
    ISSN = {0002-9939},
    JOURNAL = {Proc. Amer. Math. Soc.},
    MRCLASS = {57M25 (57M27)},
    MRNUMBER = {3834675},
    MRREVIEWER = {Peter Feller},
    NUMBER = {10},
    PAGES = {4513--4520},
    TITLE = {Signature functions of knots},
    URL = {https://doi.org/10.1090/proc/14102},
    VOLUME = {146},
    YEAR = {2018},
}

@misc {schieber18,
    AUTHOR = {Schieber, Nathaniel B.},
    PAGES = {1-55},
    TITLE = {A computational approach to tangles},
    YEAR = {2018},
}

@article {diao19,
    AUTHOR = {Diao, Yuanan and Ernst, Claus and Por, Attila and Ziegler, Uta},
    DOI = {10.1142/S0218216519500858},
    FJOURNAL = {Journal of Knot Theory and its Ramifications},
    ISSN = {0218-2165},
    JOURNAL = {J. Knot Theory Ramifications},
    MRCLASS = {57K10},
    MRNUMBER = {4077436},
    NUMBER = {14},
    PAGES = {1950085, 64},
    TITLE = {The ropelengths of knots are almost linear in terms of their crossing numbers},
    URL = {https://doi.org/10.1142/S0218216519500858},
    VOLUME = {28},
    YEAR = {2019},
}

@misc {malyutin19,
    ARCHIVEPREFIX = {arXiv},
    AUTHOR = {Malyutin, Andrei V.},
    EPRINT = {1907.04458},
    PRIMARYCLASS = {math.GT},
    TITLE = {Hyperbolic links are not generic},
    YEAR = {2019},
}

@incollection {purcell19,
    AUTHOR = {Futer, David and Kalfagianni, Efstratia and Purcell, Jessica S.},
    BOOKTITLE = {Knots, low-dimensional topology and applications},
    DOI = {10.1007/978-3-030-16031-9_1},
    MRCLASS = {57M25 (57M27 57M50)},
    MRNUMBER = {3986038},
    PAGES = {1--30},
    PUBLISHER = {Springer, Cham},
    SERIES = {Springer Proc. Math. Stat.},
    TITLE = {A survey of hyperbolic knot theory},
    URL = {https://doi.org/10.1007/978-3-030-16031-9_1},
    VOLUME = {284},
    YEAR = {2019},
}

@article {sazdanovic19,
    AUTHOR = {Nelson, Sam and Oyamaguchi, Natsumi and Sazdanovic, Radmila},
    FJOURNAL = {Tokyo Journal of Mathematics},
    ISSN = {0387-3870},
    JOURNAL = {Tokyo J. Math.},
    MRCLASS = {57K12},
    MRNUMBER = {4106586},
    MRREVIEWER = {Emanuele Zappala},
    NUMBER = {2},
    PAGES = {405--429},
    TITLE = {Psyquandles, singular knots and pseudoknots},
    URL = {https://projecteuclid.org/euclid.tjm/1540800040},
    VOLUME = {42},
    YEAR = {2019},
}

@article {bae20,
    AUTHOR = {Bae, Yongju and Lee, In S.},
    DOI = {10.5666/KMJ.2020.60.2.239},
    FJOURNAL = {Kyungpook Mathematical Journal},
    ISSN = {1225-6951},
    JOURNAL = {Kyungpook Math. J.},
    MRCLASS = {57K14},
    MRNUMBER = {4157337},
    MRREVIEWER = {Allison N. Miller},
    NUMBER = {2},
    PAGES = {239--253},
    TITLE = {On {A}lexander polynomials of pretzel links},
    URL = {https://doi.org/10.5666/KMJ.2020.60.2.239},
    VOLUME = {60},
    YEAR = {2020},
}

@incollection {burton20,
    AUTHOR = {Burton, Benjamin A.},
    BOOKTITLE = {36th {I}nternational {S}ymposium on {C}omputational {G}eometry},
    MRCLASS = {57K10 (68V05)},
    MRNUMBER = {4117738},
    PAGES = {Art. No. 25, 17},
    PUBLISHER = {Schloss Dagstuhl. Leibniz-Zent. Inform., Wadern},
    SERIES = {LIPIcs. Leibniz Int. Proc. Inform.},
    TITLE = {The next 350 million knots},
    VOLUME = {164},
    YEAR = {2020},
}

@article {piccirillo20,
    AUTHOR = {Piccirillo, Lisa},
    DOI = {10.4007/annals.2020.191.2.5},
    FJOURNAL = {Annals of Mathematics. Second Series},
    ISSN = {0003-486X},
    JOURNAL = {Ann. of Math. (2)},
    MRCLASS = {57K10 (57R65)},
    MRNUMBER = {4076631},
    NUMBER = {2},
    PAGES = {581--591},
    TITLE = {The {C}onway knot is not slice},
    URL = {https://doi.org/10.4007/annals.2020.191.2.5},
    VOLUME = {191},
    YEAR = {2020},
}

@misc {purcell2020,
    ARCHIVEPREFIX = {arXiv},
    AUTHOR = {Purcell, Jessica S.},
    EPRINT = {2002.12652},
    PRIMARYCLASS = {math.GT},
    TITLE = {Hyperbolic Knot Theory},
    YEAR = {2020},
}

@article {brittenham17,
    AUTHOR = {Brittenham, Mark and Hermiller, Susan},
    DOI = {10.1080/10586458.2019.1580633},
    FJOURNAL = {Experimental Mathematics},
    ISSN = {1058-6458},
    JOURNAL = {Exp. Math.},
    MRCLASS = {57M27 (57M25)},
    MRNUMBER = {4346654},
    NUMBER = {4},
    PAGES = {547--556},
    TITLE = {A {C}ounterexample to the {B}ernhard--{J}ablan {U}nknotting {C}onjecture},
    URL = {https://doi.org/10.1080/10586458.2019.1580633},
    VOLUME = {30},
    YEAR = {2021},
}

@incollection {conway19,
    AUTHOR = {Conway, Anthony},
    BOOKTITLE = {2019--20 {MATRIX} annals},
    DOI = {10.1007/978-3-030-62497-2\_2},
    MRCLASS = {57K10},
    MRNUMBER = {4294761},
    PAGES = {31--56},
    PUBLISHER = {Springer, Cham},
    SERIES = {MATRIX Book Ser.},
    TITLE = {The {L}evine-{T}ristram signature: a survey},
    URL = {https://doi.org/10.1007/978-3-030-62497-2_2},
    VOLUME = {4},
    YEAR = {2021},
}

@article {klotz21,
    AUTHOR = {Klotz, Alexander R. and Maldonado, Matthew},
    DOI = {10.1088/1751-8121/ac28ce},
    FJOURNAL = {Journal of Physics. A. Mathematical and Theoretical},
    ISSN = {1751-8113},
    JOURNAL = {J. Phys. A},
    MRCLASS = {57K16},
    MRNUMBER = {4329844},
    NUMBER = {44},
    PAGES = {Paper No. 445201, 18},
    TITLE = {The ropelength of complex knots},
    URL = {https://doi.org/10.1088/1751-8121/ac28ce},
    VOLUME = {54},
    YEAR = {2021},
}

